2454 4296
530 116 549 149 Ι

173 326 224 389 16-
413 326 841 392 ΕΥΡΙΠΙΔΟΥ

170 486 258 572 ἔριν,
283 489 403 578 Θυέστῃ
424 483 556 574 πόλεμον
581 489 650 558 ὄντι
670 488 812 582 συγγόνῳ

170 576 307 643 θέσθαι·
334 578 366 641 τί
386 573 513 661 τᾶρρητ’
532 573 814 663 ἀναμετρήσασθαί
831 607 870 668 με
890 587 955 665 δεῖς

168 659 272 764 ἔδαισε
292 660 320 727 d'
341 657 396 727 οὖν
416 690 485 740 νιν,
513 662 592 730 τέκν’
612 661 814 746 ἀποκτείνας,
843 665 994 758 Ἀτρεύς·
1040 676 1082 740 15

165 750 310 833 ,Ατρέαις
330 752 381 826 δέ,
403 744 460 822 τάς
476 742 537 834 γάρ
559 752 697 837 ἐνμέσῳ
726 755 803 840 σιγοῖ
822 754 931 843 τύχας,

167 831 188 899 ὅ
208 831 336 913 κλεινάς,
350 838 381 900 εἰ
397 829 435 912 δή
451 831 585 913 κλεινός,
605 833 808 921 Ἀγαμέμνων
822 842 895 924 ἔφυ,

165 919 331 995 Μενέλεώς
347 945 396 994 τε,
418 916 568 1000 Κρήσσης
583 918 703 1008 μητρός
719 920 877 1009 Ἀερόπης
897 928 971 997 ἀπο.

165 1011 262 1092 γαμεῖ
279 1005 307 1072 d'
324 1004 351 1106 o‘e
358 1007 413 1086 μέν
430 1002 468 1084 δή
486 1001 543 1086 τήν
560 1012 649 1081 θεοῖς
673 1015 884 1094 στυγουμένην

164 1096 327 1166 Μενέλαος
350 1092 483 1168 Ελέκην·
505 1088 572 1158 σ’δέ
585 1093 868 1181 Κλυταιμνήστρας
884 1102 975 1189 λέχος
1037 1125 1079 1170 20

163 1180 316 1284 έμίσημον
337 1173 557 1256 είς”Ελληνας,
578 1173 780 1264 ’Λγαμέμνων
795 1183 885 1264 ἀντιξ.

165 1290 191 1347 ῳ
205 1265 360 1347 παρθένοι
370 1265 427 1348 μέν
440 1268 523 1347 τρεῖς
534 1265 650 1349 ἔφυμεν
666 1270 698 1331 έκ
716 1269 802 1350 μιάς,

163 1347 386 1435 Χρυσόθεμις,
407 1344 571 1434 Ἰφιγένειά
590 1350 627 1425 τ’,
646 1349 803 1437 Ἠλέκτρα
818 1350 844 1418 τ’
857 1352 929 1441 ε’γοί,

161 1433 267 1521 ἅρσην
280 1436 308 1502 τ’
322 1435 489 1521 Ὀρέστης,
516 1433 634 1521 μητρίς
647 1437 868 1521 ἀνοσιωτάτης,

161 1518 290 1601 ήπόσιν
307 1517 427 1608 ἀπείρῳ
446 1525 648 1609 περιβαλοῦἀ
665 1520 829 1609 ἀφάσματι
1035 1530 1076 1597 25

160 1608 309 1676 ἔκτεινεν·
333 1605 377 1675 ὦν
398 1607 426 1674 δ’
440 1613 545 1690 ἕκατι,
568 1614 721 1700 παρθένῳ
747 1615 845 1698 λέγειν

215 1766 257 1817 14.
275 1760 362 1814 Hunc
379 1778 495 1815 uersum
520 1762 597 1833 apud
619 1762 778 1819 Lucienum
806 1765 837 1818 in
861 1765 964 1820 Amor.
986 1763 1021 1817 T.
1038 1764 1074 1818 11.

160 1851 192 1905 p.
209 1834 271 1899 457.
287 1828 420 1883 latentem
446 1830 567 1885 editores
589 1850 651 1886 non
673 1834 910 1889 animadvertere.
951 1833 1023 1888 Mox
1040 1828 1075 1892 od

158 1921 206 1958 νιν
222 1898 357 1953 mendose
373 1897 473 1951 Aldus.
601 1896 611 1905 ”

160 2017 162 2019 ,
213 1971 254 2024 16.
273 1967 351 2040 apud
373 1963 481 2020 Julian.
503 1985 534 2039 p.
551 1969 611 2022 254.
633 1967 667 2026 B.
688 1969 800 2025 notavit
823 1970 1073 2044 Wytteubachius

49 2070 54 2079 ·
158 2037 250 2112 Epist.
269 2037 341 2093 erit.
365 2055 394 2109 p.
413 2039 457 2090 58.

213 2111 253 2162 18.
270 2103 375 2176 ματρότ
392 2115 420 2159 et
435 2103 482 2158 hic
506 2113 533 2159 et
555 2103 612 2158 fere
634 2103 742 2179 ubique
758 2108 788 2161 in
811 2106 864 2162 hac
881 2107 978 2163 fabula
996 2108 1075 2165 dedit

157 2174 267 2240 Aldus3
285 2175 332 2228 sed
352 2173 429 2228 hunc
452 2175 621 2235 Dorismum
639 2175 746 2230 iollunt
762 2177 882 2250 plurimi
906 2179 989 2232 MSS.
1012 2197 1072 2231 no-

156 2245 288 2300 minatim
302 2241 516 2299 tresLeidenses
528 2244 603 2314 apud
615 2243 852 2301 Valckenaerinm
866 2247 900 2301 ad
908 2246 1017 2301 Phoen.
1030 2266 1071 2302 11.

210 2335 252 2371 20.
268 2314 411 2371 Μενέλεως
422 2311 537 2383 Ἑλένην
554 2313 620 2368 Ald.
638 2315 734 2369 miuus
752 2332 916 2383 numerose.
930 2317 1072 2377 Μενέλαον

155 2383 248 2441 Paris.
265 2402 355 2446 unus,
379 2382 415 2435 A.
434 2382 468 2437 R.

208 2457 251 2509 26.
268 2453 355 2506 Anici
377 2451 477 2503 dicunt
488 2445 627 2518 «Ἀθάνα,
649 2447 746 2520 doniis,
761 2450 852 2516 ἕκατι,
876 2449 998 2523 κυναγάτ,
1015 2472 1071 2508 πο-

154 2521 251 2594 δαγότ,
268 2521 297 2576 λα
316 2520 396 2591 syris,
413 2518 531 2586 ξεναγός,
548 2516 659 2581 ὀπαδόν,
678 2536 730 2588 per
749 2542 776 2586 α,
794 2533 855 2572 non
872 2537 926 2590 per
942 2543 970 2590 η.
985 2523 1070 2575 Hanc

151 2590 283 2661 regulam
299 2544 348 2640 iiic
368 2596 395 2639 et
412 2584 480 2638 alibi
502 2585 622 2639 violarit
644 2587 783 2656 Kingim,
806 2597 840 2639 ut
861 2588 940 2641 infra
956 2591 1000 2643 55.
1019 2589 1070 2656 δη-

151 2659 203 2727 ρόν
219 2655 307 2711 edidit
324 2664 424 2710 contra
443 2654 526 2708 MSS.
544 2663 571 2707 et
588 2653 717 2706 Eustath.
736 2655 766 2706 in
790 2653 822 2707 ΙΙ.
841 2661 874 2710 Β.
893 2675 923 2728 p.
941 2661 1002 2720 250,
1022 2661 1068 2712 38.

72 2788 75 2795 Ι
152 2745 188 2782 z
209 2746 265 2798 190,
288 2727 313 2779 4.
338 2721 518 2793 Phrynichus
542 2741 559 2775 a
581 2721 788 2775 Valckenaerio
811 2722 959 2778 laudatus:
979 2746 1068 2795 κυνη-

98 2794 108 2817 ”
149 2797 210 2870 γάς·
228 2791 308 2851 reiro
322 2790 444 2862 τοήνομα
462 2786 532 2844 οἱέτοι
552 2809 608 2847 ποις
624 2793 867 2862 μεταχειρίζονται.
884 2792 914 2848 oi
927 2795 979 2861 μέν
998 2816 1069 2864 τρα-

149 2871 224 2938 γικοὶ
240 2869 355 2932 ποιηταί
367 2857 548 2932 τρισυλλάβως
563 2860 670 2931 λέγουσι
683 2868 728 2915 καί
742 2857 898 2930 δοίρίζουσι,
916 2860 949 2916 τέ
965 2885 982 2931 η
997 2863 1034 2920 εἰς
1048 2887 1067 2918 α

149 2937 355 3005 μετατιθέντες,
373 2930 495 3000 κοναγόε.
520 2927 551 2984 οἶ
564 2927 594 2984 δέ
613 2927 764 3000 Ἀθηναῖοι
787 2928 1012 3002 τετραουλλάβοττ
1037 2953 1068 2988 τε

149 3008 333 3074 προφέρουσι,
349 3007 394 3054 καί
411 2999 443 3054 το1
461 3021 477 3067 η
495 2997 692 3066 φυλάττουσιν,
719 2998 778 3054 οἷον
794 3007 948 3071 κυνηγέτης.
972 3001 1066 3070 Recte,

151 3074 271 3146 opinor,
289 3073 436 3138 κυνηγέτης
456 3067 560 3138 reliqui
578 3070 646 3122 Hec.
668 3070 741 3122 1156.
762 3069 859 3139 (1174.)
876 3069 965 3122 Anici
980 3071 1065 3131 enim,

83 3160 86 3167 ·
152 3159 323 3213 quanquam
348 3139 448 3192 dicunt
470 3132 599 3203 Ἀθάνα,
625 3153 687 3190 non
710 3136 810 3190 dicunt
831 3133 992 3202 Ἀθαναιά,
1016 3138 1065 3192 sed

149 3207 305 3278 Ἀθηναία.
340 3206 410 3271 Sed,
428 3206 451 3260 si
469 3207 533 3278 quis
550 3213 700 3280 κυναγέτητ
717 3205 814 3272 malit,
838 3226 899 3260 non
917 3208 998 3263 valde
1012 3224 1064 3259 re-

172 3297 287 3351 ugnem.
321 3277 441 3332 Phoiius
465 3276 530 3328 Lex.
551 3273 612 3329 MS.
630 3273 755 3348 Ὀδαγέε,
780 3272 827 3330 dini
850 3276 900 3333 τοῦ
915 3275 996 3345 ἄλφα,
1014 3273 1064 3343 οὐχ

149 3345 257 3419 οδηγόι-
270 3345 370 3401 Manet
384 3345 431 3401 hic
448 3345 489 3399 ibi
505 3343 627 3413 Ἀθήνα,
646 3345 693 3398 sed
711 3345 855 3413 mendose,
872 3354 906 3397 ut
925 3346 955 3397 in
968 3343 1061 3396 Rheso

87 3459 95 3468 ,
147 3420 210 3472 502.
227 3416 279 3469 ubi
296 3416 379 3470 MSS.
406 3415 486 3471 Flor.
508 3423 536 3468 et
558 3415 624 3469 Par.
646 3408 775 3473 Ἀθάνατ
797 3415 912 3468 habent.
951 3410 986 3463 In
1003 3412 1061 3465 So-

217 3552 300 3607 Adde
317 3551 396 3676 quod
412 3570 525 3618 ramus,
547 3552 627 3622 cujus
645 3548 720 3605 foliis
738 3570 813 3625 aqna
829 3548 937 3630 ubique
954 3545 1062 3602 adhae-

215 3633 274 3686 ret,
302 3641 317 3676 e
372 3620 601 3694 adspergendum
633 3638 693 3673 non
730 3631 769 3675 est
800 3619 970 3691 aptissimus.
1011 3617 1060 3688 (ln

216 3689 337 3746 Theocr.
354 3689 424 3746 ibid.
442 3711 470 3748 r.
487 3696 531 3761 98.
548 3690 611 3763 lego
628 3690 787 3761 τελίθηιε.)
813 3685 943 3752 adun]
