<?xml version="1.0" encoding="UTF-8"?>
<!DOCTYPE html PUBLIC "-//W3C//DTD XHTML 1.0 Transitional//EN"
    "http://www.w3.org/TR/xhtml1/DTD/xhtml1-transitional.dtd">
<html xmlns="http://www.w3.org/1999/xhtml" xml:lang="en" lang="en">
 <head>
  <title>
</title>
<meta http-equiv="Content-Type" content="text/html;charset=utf-8" />
  <meta name='ocr-system' content='tesseract 3.04.00' />
  <meta name='ocr-capabilities' content='ocr_page ocr_carea ocr_par ocr_line ocrx_word'/>
</head>
<body>
  <div class='ocr_page' id='page_1' title='image "./hecubaorestesph00porsgoog_0037.png"; bbox 0 0 2454 4296; ppageno 0'>
   <div class='ocr_carea' id='block_1_1' title="bbox 156 321 850 399">
    <p class='ocr_par' dir='ltr' id='par_1_1' title="bbox 156 321 850 399">
     <span class='ocr_line' id='line_1_1' title="bbox 156 321 850 399; baseline 0.014 -19"><span class='ocrx_word' id='word_1_1' title='bbox 156 324 202 399; x_wconf 56' lang='grc' dir='ltr'><strong><em>μ</em></strong></span> <span class='ocrx_word' id='word_1_2' title='bbox 421 321 850 390; x_wconf 71' lang='grc' dir='ltr'><strong><em>οοειπιαου</em></strong></span> 
     </span>
    </p>
   </div>
   <div class='ocr_carea' id='block_1_2' title="bbox 149 479 1116 1349">
    <p class='ocr_par' dir='ltr' id='par_1_2' title="bbox 163 479 909 572">
     <span class='ocr_line' id='line_1_2' title="bbox 163 479 909 572; baseline 0.003 -17"><span class='ocrx_word' id='word_1_3' title='bbox 163 497 232 556; x_wconf 86' lang='grc' dir='ltr'><strong><em>ΟΡ.</em></strong></span> <span class='ocrx_word' id='word_1_4' title='bbox 256 481 282 551; x_wconf 78' lang='lat' dir='ltr'><strong>oi</strong></span> <span class='ocrx_word' id='word_1_5' title='bbox 301 486 418 571; x_wconf 79' lang='grc' dir='ltr'><strong><em>μῆτερ,</em></strong></span> <span class='ocrx_word' id='word_1_6' title='bbox 440 483 567 554; x_wconf 74' lang='grc' dir='ltr'><strong><em>ἱκετεύω</em></strong></span> <span class='ocrx_word' id='word_1_7' title='bbox 584 511 618 552; x_wconf 86' lang='grc' dir='ltr'><strong><em>σε</em></strong></span> <span class='ocrx_word' id='word_1_8' title='bbox 626 536 638 565; x_wconf 89' lang='grc'><strong><em>,</em></strong></span> <span class='ocrx_word' id='word_1_9' title='bbox 664 479 710 568; x_wconf 70' lang='lat' dir='ltr'><strong>pti</strong></span> <span class='ocrx_word' id='word_1_10' title='bbox 728 484 837 553; x_wconf 77' lang='grc' dir='ltr'><strong><em>’πλσειέ</em></strong></span> <span class='ocrx_word' id='word_1_11' title='bbox 855 514 909 572; x_wconf 79' lang='grc' dir='ltr'><strong>μοι</strong></span> 
     </span>
    </p>

    <p class='ocr_par' dir='ltr' id='par_1_3' title="bbox 160 569 1074 744">
     <span class='ocr_line' id='line_1_3' title="bbox 160 569 1074 660; baseline -0.002 -20"><span class='ocrx_word' id='word_1_12' title='bbox 160 571 217 650; x_wconf 71' lang='grc' dir='ltr'><strong><em>τοῖς</em></strong></span> <span class='ocrx_word' id='word_1_13' title='bbox 231 569 431 657; x_wconf 78' lang='grc' dir='ltr'><strong><em>αἱματωποδς</em></strong></span> <span class='ocrx_word' id='word_1_14' title='bbox 451 579 504 641; x_wconf 81' lang='grc' dir='ltr'><strong>καὶ</strong></span> <span class='ocrx_word' id='word_1_15' title='bbox 525 573 752 658; x_wconf 74' lang='grc' dir='ltr'><strong>δρακοντώδεις</strong></span> <span class='ocrx_word' id='word_1_16' title='bbox 771 571 878 660; x_wconf 86' lang='grc' dir='ltr'><strong><em>κόρας·</em></strong></span> <span class='ocrx_word' id='word_1_17' title='bbox 1011 580 1074 645; x_wconf 84' lang='lat'><strong>250</strong></span> 
     </span>
     <span class='ocr_line' id='line_1_4' title="bbox 160 656 904 744; baseline 0.007 -20"><span class='ocrx_word' id='word_1_18' title='bbox 160 660 256 726; x_wconf 77' lang='grc' dir='ltr'><strong><em>αὗται</em></strong></span> <span class='ocrx_word' id='word_1_19' title='bbox 274 656 347 744; x_wconf 77' lang='grc' dir='ltr'><strong><em>μώρ,</em></strong></span> <span class='ocrx_word' id='word_1_20' title='bbox 363 656 458 725; x_wconf 81' lang='grc' dir='ltr'><strong><em>αὗται</em></strong></span> <span class='ocrx_word' id='word_1_21' title='bbox 476 663 608 739; x_wconf 82' lang='grc' dir='ltr'><strong><em>πλησιόν</em></strong></span> <span class='ocrx_word' id='word_1_22' title='bbox 629 657 812 744; x_wconf 73' lang='grc' dir='ltr'><strong><em>θρώσκουσί</em></strong></span> <span class='ocrx_word' id='word_1_23' title='bbox 831 684 904 744; x_wconf 91' lang='grc' dir='ltr'><strong><em>μου.</em></strong></span> 
     </span>
    </p>

    <p class='ocr_par' dir='ltr' id='par_1_4' title="bbox 149 739 1116 1262">
     <span class='ocr_line' id='line_1_5' title="bbox 161 739 1028 833; baseline -0.002 -20"><span class='ocrx_word' id='word_1_24' title='bbox 161 754 238 815; x_wconf 88' lang='grc' dir='ltr'><strong><em>ΗΛ.</em></strong></span> <span class='ocrx_word' id='word_1_25' title='bbox 261 744 336 829; x_wconf 72' lang='grc' dir='ltr'><strong><em>μέν’,</em></strong></span> <span class='ocrx_word' id='word_1_26' title='bbox 358 743 384 810; x_wconf 81' lang='grc' dir='ltr'><strong><em>ὦ</em></strong></span> <span class='ocrx_word' id='word_1_27' title='bbox 405 744 585 831; x_wconf 79' lang='grc' dir='ltr'><strong><em>ταλαίπωρ’,</em></strong></span> <span class='ocrx_word' id='word_1_28' title='bbox 606 739 725 828; x_wconf 71' lang='grc' dir='ltr'><strong><em>ιῖτρὲμα</em></strong></span> <span class='ocrx_word' id='word_1_29' title='bbox 747 751 812 823; x_wconf 79' lang='grc' dir='ltr'><strong><em>σοῖς</em></strong></span> <span class='ocrx_word' id='word_1_30' title='bbox 830 751 864 813; x_wconf 77' lang='grc' dir='ltr'><strong>ἐν</strong></span> <span class='ocrx_word' id='word_1_31' title='bbox 884 752 1028 833; x_wconf 74' lang='grc' dir='ltr'><strong><em>δεμνίοις.</em></strong></span> 
     </span>
     <span class='ocr_line' id='line_1_6' title="bbox 161 828 1116 918; baseline 0.001 -18"><span class='ocrx_word' id='word_1_32' title='bbox 161 831 238 917; x_wconf 81' lang='grc' dir='ltr'><strong><em>δρᾷς</em></strong></span> <span class='ocrx_word' id='word_1_33' title='bbox 257 829 319 918; x_wconf 78' lang='grc' dir='ltr'><strong><em>μδρ</em></strong></span> <span class='ocrx_word' id='word_1_34' title='bbox 341 828 433 898; x_wconf 78' lang='grc' dir='ltr'><strong><em>ου’δὲν</em></strong></span> <span class='ocrx_word' id='word_1_35' title='bbox 460 830 504 896; x_wconf 73' lang='grc' dir='ltr'><strong><em>οἷν</em></strong></span> <span class='ocrx_word' id='word_1_36' title='bbox 525 834 624 908; x_wconf 83' lang='grc' dir='ltr'><strong><em>δοκεῖς</em></strong></span> <span class='ocrx_word' id='word_1_37' title='bbox 645 831 720 915; x_wconf 85' lang='grc' dir='ltr'><em>σάφ’</em></span> <span class='ocrx_word' id='word_1_38' title='bbox 741 837 864 900; x_wconf 77' lang='grc' dir='ltr'><strong><em>εἰδέναι.</em></strong></span> <span class='ocrx_word' id='word_1_39' title='bbox 1113 839 1116 843; x_wconf 69' lang='grc'><strong>’</strong></span> 
     </span>
     <span class='ocr_line' id='line_1_7' title="bbox 163 915 942 1002; baseline 0 -15"><span class='ocrx_word' id='word_1_40' title='bbox 163 929 234 987; x_wconf 87' lang='grc' dir='ltr'><strong>ΟΡ.</strong></span> <span class='ocrx_word' id='word_1_41' title='bbox 257 915 283 982; x_wconf 76' lang='lat' dir='ltr'><strong>oi</strong></span> <span class='ocrx_word' id='word_1_42' title='bbox 304 915 406 1000; x_wconf 74' lang='grc' dir='ltr'><strong><em>Φοῖβ’,</em></strong></span> <span class='ocrx_word' id='word_1_43' title='bbox 427 915 633 984; x_wconf 82' lang='grc' dir='ltr'><strong><em>οἷποκτενοῦσλ</em></strong></span> <span class='ocrx_word' id='word_1_44' title='bbox 651 915 683 1000; x_wconf 77' lang='grc' dir='ltr'><strong><em>μ’</em></strong></span> <span class='ocrx_word' id='word_1_45' title='bbox 705 925 740 982; x_wconf 81' lang='grc' dir='ltr'><strong>αἱ</strong></span> <span class='ocrx_word' id='word_1_46' title='bbox 762 919 942 1002; x_wconf 87' lang='grc' dir='ltr'><strong><em>κυνώπιδες,</em></strong></span> 
     </span>
     <span class='ocr_line' id='line_1_8' title="bbox 149 1004 1070 1090; baseline 0.002 -20"><span class='ocrx_word' id='word_1_47' title='bbox 149 1005 337 1090; x_wconf 73' lang='grc' dir='ltr'><strong>ιγοργῶπες,</strong></span> <span class='ocrx_word' id='word_1_48' title='bbox 366 1004 477 1087; x_wconf 81' lang='grc' dir='ltr'><strong><em>ε’νὲρων</em></strong></span> <span class='ocrx_word' id='word_1_49' title='bbox 499 1006 609 1087; x_wconf 75' lang='grc' dir='ltr'><strong><em>λε’ριαι,</em></strong></span> <span class='ocrx_word' id='word_1_50' title='bbox 637 1008 735 1069; x_wconf 84' lang='grc' dir='ltr'><strong><em>δειναὶ</em></strong></span> <span class='ocrx_word' id='word_1_51' title='bbox 755 1010 838 1070; x_wconf 78' lang='grc' dir='ltr'><strong><em>θεολ.</em></strong></span> <span class='ocrx_word' id='word_1_52' title='bbox 1009 1007 1070 1073; x_wconf 81' lang='lat'><strong>255</strong></span> 
     </span>
     <span class='ocr_line' id='line_1_9' title="bbox 160 1084 965 1176; baseline 0 -19"><span class='ocrx_word' id='word_1_53' title='bbox 160 1101 240 1157; x_wconf 85' lang='grc' dir='ltr'><strong><em>ΗΛ.</em></strong></span> <span class='ocrx_word' id='word_1_54' title='bbox 262 1088 350 1154; x_wconf 74' lang='grc' dir='ltr'><strong><em>οὗτοι</em></strong></span> <span class='ocrx_word' id='word_1_55' title='bbox 369 1086 514 1171; x_wconf 67' lang='grc' dir='ltr'><strong><em>μεθήσω·</em></strong></span> <span class='ocrx_word' id='word_1_56' title='bbox 543 1093 632 1176; x_wconf 81' lang='grc' dir='ltr'><strong><em>χεῖρα</em></strong></span> <span class='ocrx_word' id='word_1_57' title='bbox 661 1084 687 1153; x_wconf 81' lang='grc' dir='ltr'><strong>δ’</strong></span> <span class='ocrx_word' id='word_1_58' title='bbox 707 1088 868 1170; x_wconf 81' lang='grc' dir='ltr'><strong><em>ε’μπλέξαο’</em></strong></span> <span class='ocrx_word' id='word_1_59' title='bbox 888 1085 965 1175; x_wconf 67' lang='lat' dir='ltr'><strong>iptio</strong></span> 
     </span>
     <span class='ocr_line' id='line_1_10' title="bbox 160 1171 821 1262; baseline -0.006 -20"><span class='ocrx_word' id='word_1_60' title='bbox 160 1171 266 1261; x_wconf 75' lang='grc' dir='ltr'><strong><em>σχήσω</em></strong></span> <span class='ocrx_word' id='word_1_61' title='bbox 287 1200 322 1239; x_wconf 93' lang='grc' dir='ltr'><strong><em>σε</em></strong></span> <span class='ocrx_word' id='word_1_62' title='bbox 343 1176 445 1259; x_wconf 83' lang='grc' dir='ltr'><strong><em>πηδᾷν</em></strong></span> <span class='ocrx_word' id='word_1_63' title='bbox 473 1177 615 1262; x_wconf 79' lang='grc' dir='ltr'><strong><em>δυστυχῆ</em></strong></span> <span class='ocrx_word' id='word_1_64' title='bbox 641 1173 821 1256; x_wconf 76' lang='grc' dir='ltr'><strong><em>πηδήματα.</em></strong></span> 
     </span>
    </p>

    <p class='ocr_par' dir='ltr' id='par_1_5' title="bbox 162 1257 945 1349">
     <span class='ocr_line' id='line_1_11' title="bbox 162 1257 945 1349; baseline 0 -21"><span class='ocrx_word' id='word_1_65' title='bbox 162 1269 233 1332; x_wconf 80' lang='grc' dir='ltr'><strong><em>ΟΡ.</em></strong></span> <span class='ocrx_word' id='word_1_66' title='bbox 255 1262 366 1346; x_wconf 76' lang='grc' dir='ltr'><strong><em>με’δες·</em></strong></span> <span class='ocrx_word' id='word_1_67' title='bbox 396 1259 450 1346; x_wconf 70' lang='grc' dir='ltr'><strong><em>μί’</em></strong></span> <span class='ocrx_word' id='word_1_68' title='bbox 470 1260 552 1330; x_wconf 79' lang='grc' dir='ltr'><strong><em>οὖσα</em></strong></span> <span class='ocrx_word' id='word_1_69' title='bbox 573 1261 638 1329; x_wconf 82' lang='grc' dir='ltr'><strong><em>τών</em></strong></span> <span class='ocrx_word' id='word_1_70' title='bbox 659 1264 741 1346; x_wconf 81' lang='grc' dir='ltr'><strong><em>ε’μώκ</em></strong></span> <span class='ocrx_word' id='word_1_71' title='bbox 759 1257 945 1349; x_wconf 78' lang='grc' dir='ltr'><strong><em>Ἐριννύων,</em></strong></span> 
     </span>
    </p>
   </div>
   <div class='ocr_carea' id='block_1_3' title="bbox 156 1477 1111 2034">
    <p class='ocr_par' dir='ltr' id='par_1_6' title="bbox 156 1477 1111 2034">
     <span class='ocr_line' id='line_1_12' title="bbox 159 1477 1073 1553; baseline 0 -17"><span class='ocrx_word' id='word_1_72' title='bbox 159 1480 223 1538; x_wconf 79' lang='lat' dir='ltr'><strong>Vll.</strong></span> <span class='ocrx_word' id='word_1_73' title='bbox 244 1483 302 1536; x_wconf 86' lang='lat'><strong>182.</strong></span> <span class='ocrx_word' id='word_1_74' title='bbox 326 1490 353 1535; x_wconf 83' lang='lat' dir='ltr'><strong>et</strong></span> <span class='ocrx_word' id='word_1_75' title='bbox 374 1481 460 1537; x_wconf 90' lang='lat' dir='ltr'><strong>Dion.</strong></span> <span class='ocrx_word' id='word_1_76' title='bbox 485 1478 585 1553; x_wconf 80' lang='lat' dir='ltr'><strong>Chrys.</strong></span> <span class='ocrx_word' id='word_1_77' title='bbox 608 1477 733 1533; x_wconf 80' lang='lat' dir='ltr'><strong>LXXIV.</strong></span> <span class='ocrx_word' id='word_1_78' title='bbox 758 1500 787 1553; x_wconf 88' lang='lat' dir='ltr'><strong>p.</strong></span> <span class='ocrx_word' id='word_1_79' title='bbox 812 1482 871 1534; x_wconf 74' lang='lat'><strong>638.</strong></span> <span class='ocrx_word' id='word_1_80' title='bbox 896 1479 946 1532; x_wconf 79' lang='lat' dir='ltr'><strong>ubi</strong></span> <span class='ocrx_word' id='word_1_81' title='bbox 969 1477 1073 1536; x_wconf 76' lang='grc' dir='ltr'><strong><em>λε’σσαν</em></strong></span> 
     </span>
     <span class='ocr_line' id='line_1_13' title="bbox 159 1549 1072 1672; baseline -0.003 -67"><span class='ocrx_word' id='word_1_82' title='bbox 159 1552 291 1639; x_wconf 56' lang='lat' dir='ltr'><strong>gpeidisse</strong></span> <span class='ocrx_word' id='word_1_83' title='bbox 309 1551 431 1636; x_wconf 66' lang='lat' dir='ltr'><strong>videtur.</strong></span> <span class='ocrx_word' id='word_1_84' title='bbox 465 1552 507 1605; x_wconf 85' lang='lat' dir='ltr'><strong>Ex</strong></span> <span class='ocrx_word' id='word_1_85' title='bbox 525 1553 654 1624; x_wconf 83' lang='lat' dir='ltr'>Diogene</span> <span class='ocrx_word' id='word_1_86' title='bbox 665 1552 754 1604; x_wconf 89' lang='lat' dir='ltr'><strong>sumsi</strong></span> <span class='ocrx_word' id='word_1_87' title='bbox 771 1549 870 1620; x_wconf 76' lang='grc' dir='ltr'><strong><em>α’ρτίωο</em></strong></span> <span class='ocrx_word' id='word_1_88' title='bbox 887 1552 1072 1672; x_wconf 62' lang='grc' dir='ltr'><strong><em>φρονώνΊρερ</em></strong></span> 
     </span>
     <span class='ocr_line' id='line_1_14' title="bbox 158 1619 1071 1761; baseline -0.002 -17"><span class='ocrx_word' id='word_1_89' title='bbox 158 1642 425 1744; x_wconf 56' lang='lat' dir='ltr'><strong>aristaeus</strong></span> <span class='ocrx_word' id='word_1_90' title='bbox 439 1621 843 1761; x_wconf 63' lang='lat' dir='ltr'><strong>‘¹.u.‘t:;÷u.¹2ta..fflitta</strong></span> <span class='ocrx_word' id='word_1_91' title='bbox 863 1619 1071 1742; x_wconf 60' lang='lat' dir='ltr'><strong>stituit.</strong></span> 
     </span>
     <span class='ocr_line' id='line_1_15' title="bbox 156 1728 1072 1828; baseline -0.007 -15"><span class='ocrx_word' id='word_1_92' title='bbox 156 1770 199 1813; x_wconf 86' lang='lat' dir='ltr'><strong>tat</strong></span> <span class='ocrx_word' id='word_1_93' title='bbox 221 1728 383 1820; x_wconf 54' lang='lat' dir='ltr'><strong>Arnalius,</strong></span> <span class='ocrx_word' id='word_1_94' title='bbox 414 1765 447 1807; x_wconf 86' lang='lat' dir='ltr'><strong>ut</strong></span> <span class='ocrx_word' id='word_1_95' title='bbox 468 1767 593 1812; x_wconf 88' lang='lat' dir='ltr'><strong>metrum</strong></span> <span class='ocrx_word' id='word_1_96' title='bbox 617 1760 783 1828; x_wconf 85' lang='lat' dir='ltr'><strong>conjectura</strong></span> <span class='ocrx_word' id='word_1_97' title='bbox 807 1777 858 1812; x_wconf 91' lang='lat' dir='ltr'><strong>sua</strong></span> <span class='ocrx_word' id='word_1_98' title='bbox 882 1759 980 1827; x_wconf 76' lang='grc' dir='ltr'><strong><em>λεσσᾷι</em></strong></span> <span class='ocrx_word' id='word_1_99' title='bbox 1003 1775 1072 1809; x_wconf 86' lang='lat' dir='ltr'><strong>cor-</strong></span> 
     </span>
     <span class='ocr_line' id='line_1_16' title="bbox 159 1823 1111 1896; baseline 0 -18"><span class='ocrx_word' id='word_1_100' title='bbox 159 1836 286 1896; x_wconf 85' lang='lat' dir='ltr'><strong>rumpat.</strong></span> <span class='ocrx_word' id='word_1_101' title='bbox 322 1823 450 1893; x_wconf 83' lang='grc' dir='ltr'><strong><em>καθαρδν</em></strong></span> <span class='ocrx_word' id='word_1_102' title='bbox 477 1832 580 1895; x_wconf 69' lang='grc' dir='ltr'><strong><em>θεμένη</em></strong></span> <span class='ocrx_word' id='word_1_103' title='bbox 609 1826 675 1881; x_wconf 84' lang='grc' dir='ltr'><strong><em>νόον</em></strong></span> <span class='ocrx_word' id='word_1_104' title='bbox 703 1828 734 1879; x_wconf 91' lang='lat' dir='ltr'><strong>in</strong></span> <span class='ocrx_word' id='word_1_105' title='bbox 759 1827 854 1880; x_wconf 83' lang='lat' dir='ltr'><strong>scotto</strong></span> <span class='ocrx_word' id='word_1_106' title='bbox 878 1846 892 1879; x_wconf 88' lang='lat' dir='ltr'><strong>a</strong></span> <span class='ocrx_word' id='word_1_107' title='bbox 917 1828 956 1880; x_wconf 84' lang='lat' dir='ltr'><strong>ud</strong></span> <span class='ocrx_word' id='word_1_108' title='bbox 978 1825 1070 1879; x_wconf 82' lang='lat' dir='ltr'><strong>Athe·</strong></span> <span class='ocrx_word' id='word_1_109' title='bbox 1105 1833 1111 1841; x_wconf 79' lang='grc'><strong><em>’</em></strong></span> 
     </span>
     <span class='ocr_line' id='line_1_17' title="bbox 157 1845 1071 1967; baseline 0.001 -20"><span class='ocrx_word' id='word_1_110' title='bbox 157 1914 260 1948; x_wconf 76' lang='lat' dir='ltr'><strong>oneum</strong></span> <span class='ocrx_word' id='word_1_111' title='bbox 278 1893 339 1945; x_wconf 85' lang='lat' dir='ltr'><strong>XV.</strong></span> <span class='ocrx_word' id='word_1_112' title='bbox 363 1913 392 1965; x_wconf 92' lang='lat' dir='ltr'><strong>p.</strong></span> <span class='ocrx_word' id='word_1_113' title='bbox 415 1896 429 1944; x_wconf 84' lang='grc'><strong>6</strong></span> <span class='ocrx_word' id='word_1_114' title='bbox 450 1897 474 1948; x_wconf 85' lang='grc'><strong><em>5.</em></strong></span> <span class='ocrx_word' id='word_1_115' title='bbox 494 1896 525 1950; x_wconf 90' lang='lat' dir='ltr'><strong>C.</strong></span> <span class='ocrx_word' id='word_1_116' title='bbox 552 1894 707 1967; x_wconf 77' lang='lat' dir='ltr'><strong>[Theognis</strong></span> <span class='ocrx_word' id='word_1_117' title='bbox 730 1845 918 1950; x_wconf 54' lang='lat' dir='ltr'><strong>8.Brunci).</strong></span> <span class='ocrx_word' id='word_1_118' title='bbox 942 1893 1071 1962; x_wconf 76' lang='grc' dir='ltr'><strong><em>καθαρδν</em></strong></span> 
     </span>
     <span class='ocr_line' id='line_1_18' title="bbox 156 1913 1069 2034; baseline -0.001 -15"><span class='ocrx_word' id='word_1_119' title='bbox 156 1970 275 2034; x_wconf 77' lang='grc' dir='ltr'><strong><em>θέμενοσ</em></strong></span> <span class='ocrx_word' id='word_1_120' title='bbox 298 1958 370 2017; x_wconf 80' lang='grc' dir='ltr'><strong><em>νόον.</em></strong></span> <span class='ocrx_word' id='word_1_121' title='bbox 395 1913 470 2016; x_wconf 69' lang='lat' dir='ltr'><strong>Aeid.</strong></span> <span class='ocrx_word' id='word_1_122' title='bbox 496 1962 700 2018; x_wconf 81' lang='lat' dir='ltr'><strong>Mitscherlieh.</strong></span> <span class='ocrx_word' id='word_1_123' title='bbox 725 1915 762 2016; x_wconf 65' lang='lat' dir='ltr'><strong>ai</strong></span> <span class='ocrx_word' id='word_1_124' title='bbox 783 1965 891 2033; x_wconf 89' lang='lat' dir='ltr'><strong>Hymn.</strong></span> <span class='ocrx_word' id='word_1_125' title='bbox 915 1964 946 2016; x_wconf 90' lang='lat' dir='ltr'><strong>in</strong></span> <span class='ocrx_word' id='word_1_126' title='bbox 972 1964 1069 2018; x_wconf 78' lang='lat' dir='ltr'><strong>Ceret.</strong></span> 
     </span>
    </p>
   </div>
   <div class='ocr_carea' id='block_1_4' title="bbox 154 2029 1087 2223">
    <p class='ocr_par' dir='ltr' id='par_1_7' title="bbox 154 2029 1087 2223">
     <span class='ocr_line' id='line_1_19' title="bbox 154 2029 1070 2154; baseline 0.002 -70"><span class='ocrx_word' id='word_1_127' title='bbox 154 2053 186 2154; x_wconf 70' lang='lat' dir='ltr'><strong>p.</strong></span> <span class='ocrx_word' id='word_1_128' title='bbox 214 2035 271 2104; x_wconf 81' lang='lat'><strong>169.</strong></span> <span class='ocrx_word' id='word_1_129' title='bbox 307 2037 340 2084; x_wconf 87' lang='lat' dir='ltr'><strong>G.</strong></span> <span class='ocrx_word' id='word_1_130' title='bbox 362 2034 400 2083; x_wconf 91' lang='lat' dir='ltr'><strong>H.</strong></span> <span class='ocrx_word' id='word_1_131' title='bbox 415 2036 457 2100; x_wconf 82' lang='lat' dir='ltr'><strong>S.]</strong></span> <span class='ocrx_word' id='word_1_132' title='bbox 504 2038 624 2102; x_wconf 74' lang='grc' dir='ltr'><strong><em>θέμενος</em></strong></span> <span class='ocrx_word' id='word_1_133' title='bbox 652 2030 817 2103; x_wconf 78' lang='grc' dir='ltr'><strong><em>ἄγναμπτον</em></strong></span> <span class='ocrx_word' id='word_1_134' title='bbox 844 2035 911 2085; x_wconf 82' lang='grc' dir='ltr'><strong><em>νόον</em></strong></span> <span class='ocrx_word' id='word_1_135' title='bbox 938 2029 1070 2100; x_wconf 73' lang='lat' dir='ltr'><strong>Aeschyi.</strong></span> 
     </span>
     <span class='ocr_line' id='line_1_20' title="bbox 179 2097 1087 2223; baseline -0.003 -68"><span class='ocrx_word' id='word_1_136' title='bbox 179 2120 254 2155; x_wconf 87' lang='lat' dir='ltr'><strong>rom.</strong></span> <span class='ocrx_word' id='word_1_137' title='bbox 282 2103 339 2155; x_wconf 79' lang='lat'><strong>163.</strong></span> <span class='ocrx_word' id='word_1_138' title='bbox 362 2106 485 2170; x_wconf 79' lang='grc' dir='ltr'><strong><em>μετέθου</em></strong></span> <span class='ocrx_word' id='word_1_139' title='bbox 509 2101 612 2156; x_wconf 76' lang='grc' dir='ltr'><strong><em>λύσσαν</em></strong></span> <span class='ocrx_word' id='word_1_140' title='bbox 632 2100 721 2171; x_wconf 78' lang='lat' dir='ltr'><strong>igitur</strong></span> <span class='ocrx_word' id='word_1_141' title='bbox 744 2097 898 2223; x_wconf 59' lang='lat' dir='ltr'><strong>sipniiicat:</strong></span> <span class='ocrx_word' id='word_1_142' title='bbox 922 2103 1087 2152; x_wconf 56' lang='lat' dir='ltr'><strong>Insaniam⁴</strong></span> 
     </span>
    </p>
   </div>
   <div class='ocr_carea' id='block_1_5' title="bbox 155 2169 1069 2384">
    <p class='ocr_par' dir='ltr' id='par_1_8' title="bbox 155 2169 1069 2384">
     <span class='ocr_line' id='line_1_21' title="bbox 156 2169 1069 2234; baseline -0.001 -10"><span class='ocrx_word' id='word_1_143' title='bbox 156 2175 279 2234; x_wconf 79' lang='lat' dir='ltr'><strong>sanitate</strong></span> <span class='ocrx_word' id='word_1_144' title='bbox 303 2173 432 2233; x_wconf 79' lang='lat' dir='ltr'><strong>mutasti,</strong></span> <span class='ocrx_word' id='word_1_145' title='bbox 457 2178 603 2223; x_wconf 77' lang='lat' dir='ltr'><strong>structura</strong></span> <span class='ocrx_word' id='word_1_146' title='bbox 620 2169 744 2223; x_wconf 92' lang='lat' dir='ltr'><strong>Horatio</strong></span> <span class='ocrx_word' id='word_1_147' title='bbox 780 2169 914 2222; x_wconf 86' lang='lat' dir='ltr'><strong>amiliari.</strong></span> <span class='ocrx_word' id='word_1_148' title='bbox 958 2170 1069 2223; x_wconf 88' lang='lat' dir='ltr'><strong>Verum</strong></span> 
     </span>
     <span class='ocr_line' id='line_1_22' title="bbox 156 2236 1067 2310; baseline -0.004 -16"><span class='ocrx_word' id='word_1_149' title='bbox 156 2241 228 2294; x_wconf 86' lang='lat' dir='ltr'><strong>vidit</strong></span> <span class='ocrx_word' id='word_1_150' title='bbox 244 2237 397 2306; x_wconf 88' lang='lat' dir='ltr'><strong>Heathius,</strong></span> <span class='ocrx_word' id='word_1_151' title='bbox 420 2255 507 2310; x_wconf 88' lang='lat' dir='ltr'><strong>quem</strong></span> <span class='ocrx_word' id='word_1_152' title='bbox 531 2236 695 2293; x_wconf 84' lang='lat' dir='ltr'><strong>Arnaldum</strong></span> <span class='ocrx_word' id='word_1_153' title='bbox 718 2239 826 2292; x_wconf 89' lang='lat' dir='ltr'><strong>mir&#39;um</strong></span> <span class='ocrx_word' id='word_1_154' title='bbox 845 2248 962 2292; x_wconf 89' lang='lat' dir='ltr'><strong>estnon</strong></span> <span class='ocrx_word' id='word_1_155' title='bbox 979 2239 1067 2297; x_wconf 81' lang='lat' dir='ltr'><strong>casti-</strong></span> 
     </span>
     <span class='ocr_line' id='line_1_23' title="bbox 155 2307 949 2384; baseline -0.006 -17"><span class='ocrx_word' id='word_1_156' title='bbox 155 2329 234 2384; x_wconf 77' lang='lat' dir='ltr'><strong>gasse</strong></span> <span class='ocrx_word' id='word_1_157' title='bbox 249 2318 372 2383; x_wconf 88' lang='lat' dir='ltr'><strong>propter</strong></span> <span class='ocrx_word' id='word_1_158' title='bbox 388 2307 549 2381; x_wconf 84' lang='lat' dir='ltr'><strong>spondeum</strong></span> <span class='ocrx_word' id='word_1_159' title='bbox 567 2308 598 2362; x_wconf 91' lang='lat' dir='ltr'><strong>in</strong></span> <span class='ocrx_word' id='word_1_160' title='bbox 622 2319 727 2382; x_wconf 87' lang='lat' dir='ltr'><strong>quarta</strong></span> <span class='ocrx_word' id='word_1_161' title='bbox 744 2308 860 2362; x_wconf 82' lang='lat' dir='ltr'><strong>iambici</strong></span> <span class='ocrx_word' id='word_1_162' title='bbox 877 2307 949 2362; x_wconf 90' lang='lat' dir='ltr'><strong>sede.</strong></span> 
     </span>
    </p>
   </div>
   <div class='ocr_carea' id='block_1_6' title="bbox 153 2407 1071 2562">
    <p class='ocr_par' dir='ltr' id='par_1_9' title="bbox 153 2407 1071 2562">
     <span class='ocr_line' id='line_1_24' title="bbox 204 2407 1068 2481; baseline 0 -19"><span class='ocrx_word' id='word_1_163' title='bbox 204 2411 264 2477; x_wconf 78' lang='lat'><strong>249.</strong></span> <span class='ocrx_word' id='word_1_164' title='bbox 283 2410 369 2462; x_wconf 89' lang='lat' dir='ltr'><strong>Hunc</strong></span> <span class='ocrx_word' id='word_1_165' title='bbox 391 2418 419 2463; x_wconf 85' lang='lat' dir='ltr'><strong>et</strong></span> <span class='ocrx_word' id='word_1_166' title='bbox 442 2408 500 2461; x_wconf 85' lang='lat' dir='ltr'><strong>duo</strong></span> <span class='ocrx_word' id='word_1_167' title='bbox 523 2419 672 2478; x_wconf 78' lang='lat' dir='ltr'><strong>sequentes</strong></span> <span class='ocrx_word' id='word_1_168' title='bbox 689 2410 738 2461; x_wconf 83' lang='lat' dir='ltr'><strong>uhi</strong></span> <span class='ocrx_word' id='word_1_169' title='bbox 756 2411 824 2462; x_wconf 83' lang='lat' dir='ltr'><strong>citat</strong></span> <span class='ocrx_word' id='word_1_170' title='bbox 840 2410 989 2481; x_wconf 81' lang='lat' dir='ltr'><strong>Longinus</strong></span> <span class='ocrx_word' id='word_1_171' title='bbox 1007 2407 1068 2462; x_wconf 86' lang='lat' dir='ltr'><strong>XV.</strong></span> 
     </span>
     <span class='ocr_line' id='line_1_25' title="bbox 153 2468 1071 2562; baseline -0.001 -33"><span class='ocrx_word' id='word_1_172' title='bbox 153 2477 253 2531; x_wconf 84' lang='lat' dir='ltr'><strong>iaudat</strong></span> <span class='ocrx_word' id='word_1_173' title='bbox 269 2476 399 2547; x_wconf 76' lang='lat' dir='ltr'><strong>&#39;l&#39;oupius</strong></span> <span class='ocrx_word' id='word_1_174' title='bbox 415 2475 519 2527; x_wconf 78' lang='lat' dir='ltr'><strong>Alexin</strong></span> <span class='ocrx_word' id='word_1_175' title='bbox 533 2475 672 2529; x_wconf 80' lang='lat' dir='ltr'><strong>Athenaei</strong></span> <span class='ocrx_word' id='word_1_176' title='bbox 688 2476 763 2528; x_wconf 85' lang='lat' dir='ltr'><strong>VIII.</strong></span> <span class='ocrx_word' id='word_1_177' title='bbox 781 2496 811 2546; x_wconf 89' lang='lat' dir='ltr'><strong>p.</strong></span> <span class='ocrx_word' id='word_1_178' title='bbox 830 2479 891 2544; x_wconf 72' lang='lat'><strong>339.</strong></span> <span class='ocrx_word' id='word_1_179' title='bbox 908 2479 944 2530; x_wconf 81' lang='lat' dir='ltr'><strong>t).</strong></span> <span class='ocrx_word' id='word_1_180' title='bbox 956 2468 995 2562; x_wconf 74' lang='grc' dir='ltr'><strong>ᾯ</strong></span> <span class='ocrx_word' id='word_1_181' title='bbox 1011 2478 1071 2549; x_wconf 80' lang='grc' dir='ltr'><strong><em>μῆ-</em></strong></span> 
     </span>
    </p>
   </div>
   <div class='ocr_carea' id='block_1_7' title="bbox 151 2537 1069 2682">
    <p class='ocr_par' dir='ltr' id='par_1_10' title="bbox 151 2537 1069 2682">
     <span class='ocr_line' id='line_1_26' title="bbox 151 2537 1069 2624; baseline 0.005 -26"><span class='ocrx_word' id='word_1_182' title='bbox 151 2564 213 2613; x_wconf 81' lang='grc' dir='ltr'><strong><em>τερ,</em></strong></span> <span class='ocrx_word' id='word_1_183' title='bbox 232 2541 350 2624; x_wconf 50' lang='grc' dir='ltr'><strong><em>ἱκετεύω,</em></strong></span> <span class='ocrx_word' id='word_1_184' title='bbox 359 2563 397 2607; x_wconf 88' lang='grc' dir='ltr'><strong><em>σε,</em></strong></span> <span class='ocrx_word' id='word_1_185' title='bbox 414 2539 453 2624; x_wconf 76' lang='grc' dir='ltr'><em>μή</em></span> <span class='ocrx_word' id='word_1_186' title='bbox 470 2537 569 2597; x_wconf 74' lang='grc' dir='ltr'><strong><em>’πίσειέ</em></strong></span> <span class='ocrx_word' id='word_1_187' title='bbox 581 2564 635 2612; x_wconf 88' lang='grc' dir='ltr'><strong><em>-μοι</em></strong></span> <span class='ocrx_word' id='word_1_188' title='bbox 655 2541 709 2599; x_wconf 65' lang='lat' dir='ltr'><strong>ssiu</strong></span> <span class='ocrx_word' id='word_1_189' title='bbox 725 2538 884 2613; x_wconf 79' lang='grc' dir='ltr'><strong><em>Μισγόλαν·</em></strong></span> <span class='ocrx_word' id='word_1_190' title='bbox 903 2541 936 2600; x_wconf 78' lang='grc' dir='ltr'><strong><em>οδ</em></strong></span> <span class='ocrx_word' id='word_1_191' title='bbox 950 2567 1004 2618; x_wconf 78' lang='grc' dir='ltr'><strong>γαρ</strong></span> <span class='ocrx_word' id='word_1_192' title='bbox 1022 2568 1069 2603; x_wconf 84' lang='grc' dir='ltr'><strong><em>ιιι-</em></strong></span> 
     </span>
     <span class='ocr_line' id='line_1_27' title="bbox 151 2607 428 2682; baseline -0.014 -17"><span class='ocrx_word' id='word_1_193' title='bbox 151 2607 279 2680; x_wconf 78' lang='grc' dir='ltr'><strong><em>θαρῳδδτ</em></strong></span> <span class='ocrx_word' id='word_1_194' title='bbox 296 2612 341 2678; x_wconf 81' lang='grc' dir='ltr'><strong>εἴμ</strong></span> <span class='ocrx_word' id='word_1_195' title='bbox 365 2609 428 2682; x_wconf 84' lang='grc' dir='ltr'><strong><em>ε’γω.</em></strong></span> 
     </span>
    </p>
   </div>
   <div class='ocr_carea' id='block_1_8' title="bbox 204 2701 876 2779">
    <p class='ocr_par' dir='ltr' id='par_1_11' title="bbox 204 2701 876 2794">
     <span class='ocr_line' id='line_1_28' title="bbox 204 2701 876 2779; baseline 0.003 -20"><span class='ocrx_word' id='word_1_196' title='bbox 204 2709 277 2779; x_wconf 78' lang='lat'><strong>[250.</strong></span> <span class='ocrx_word' id='word_1_197' title='bbox 293 2701 386 2777; x_wconf 78' lang='grc' dir='ltr'><strong><em>ιώραε.</em></strong></span> <span class='ocrx_word' id='word_1_198' title='bbox 405 2704 440 2760; x_wconf 87' lang='lat' dir='ltr'><strong>V.</strong></span> <span class='ocrx_word' id='word_1_199' title='bbox 464 2716 526 2761; x_wconf 84' lang='lat' dir='ltr'><strong>not.</strong></span> <span class='ocrx_word' id='word_1_200' title='bbox 543 2707 580 2762; x_wconf 86' lang='lat' dir='ltr'><strong>ad</strong></span> <span class='ocrx_word' id='word_1_201' title='bbox 597 2726 625 2761; x_wconf 83' lang='grc' dir='ltr'><strong><em>υ.</em></strong></span> <span class='ocrx_word' id='word_1_202' title='bbox 646 2710 706 2764; x_wconf 87' lang='lat'><strong>605.</strong></span> <span class='ocrx_word' id='word_1_203' title='bbox 735 2711 769 2762; x_wconf 77' lang='lat' dir='ltr'><strong>G.</strong></span> <span class='ocrx_word' id='word_1_204' title='bbox 781 2712 819 2761; x_wconf 86' lang='lat' dir='ltr'><strong>H.</strong></span> <span class='ocrx_word' id='word_1_205' title='bbox 834 2710 876 2774; x_wconf 83' lang='lat' dir='ltr'><strong>S.]</strong></span> 
     </span>
    </p>
   </div>
   <div class='ocr_carea' id='block_1_9' title="bbox 151 2789 1110 3157">
    <p class='ocr_par' dir='ltr' id='par_1_12' title="bbox 151 2789 1110 3157">
     <span class='ocr_line' id='line_1_29' title="bbox 204 2789 1110 2879; baseline 0.002 -16"><span class='ocrx_word' id='word_1_206' title='bbox 204 2810 264 2863; x_wconf 78' lang='lat'><strong>252.</strong></span> <span class='ocrx_word' id='word_1_207' title='bbox 281 2804 417 2860; x_wconf 80' lang='lat' dir='ltr'><strong>Libanius</strong></span> <span class='ocrx_word' id='word_1_208' title='bbox 434 2823 486 2861; x_wconf 91' lang='lat' dir='ltr'><strong>suo</strong></span> <span class='ocrx_word' id='word_1_209' title='bbox 506 2804 550 2861; x_wconf 90' lang='lat' dir='ltr'><strong>vel</strong></span> <span class='ocrx_word' id='word_1_210' title='bbox 568 2805 679 2860; x_wconf 84' lang='lat' dir='ltr'><strong>librarii</strong></span> <span class='ocrx_word' id='word_1_211' title='bbox 696 2824 794 2859; x_wconf 88' lang='lat' dir='ltr'><strong>errore</strong></span> <span class='ocrx_word' id='word_1_212' title='bbox 812 2807 845 2861; x_wconf 94' lang='lat' dir='ltr'><strong>T.</strong></span> <span class='ocrx_word' id='word_1_213' title='bbox 863 2805 884 2858; x_wconf 89' lang='lat' dir='ltr'><strong>I.</strong></span> <span class='ocrx_word' id='word_1_214' title='bbox 903 2826 933 2879; x_wconf 85' lang='lat' dir='ltr'><strong>p.</strong></span> <span class='ocrx_word' id='word_1_215' title='bbox 952 2809 1013 2866; x_wconf 73' lang='lat' dir='ltr'><strong>tto.</strong></span> <span class='ocrx_word' id='word_1_216' title='bbox 1029 2811 1066 2865; x_wconf 90' lang='lat' dir='ltr'><strong>D.</strong></span> <span class='ocrx_word' id='word_1_217' title='bbox 1107 2789 1110 2799; x_wconf 73' lang='lat'><strong>.</strong></span> 
     </span>
     <span class='ocr_line' id='line_1_30' title="bbox 151 2871 1066 2950; baseline 0.001 -17"><span class='ocrx_word' id='word_1_218' title='bbox 151 2883 209 2934; x_wconf 76' lang='grc' dir='ltr'><strong>Καὶ</strong></span> <span class='ocrx_word' id='word_1_219' title='bbox 225 2874 294 2946; x_wconf 79' lang='grc' dir='ltr'><strong><em>πρδσ</em></strong></span> <span class='ocrx_word' id='word_1_220' title='bbox 313 2874 433 2943; x_wconf 73' lang='grc' dir='ltr'><strong><em>ε’μαυτδν</em></strong></span> <span class='ocrx_word' id='word_1_221' title='bbox 450 2874 586 2944; x_wconf 72' lang='grc' dir='ltr'><strong><em>Λίσχώλου</em></strong></span> <span class='ocrx_word' id='word_1_222' title='bbox 604 2878 670 2950; x_wconf 75' lang='grc' dir='ltr'><strong><em>λέγω</em></strong></span> <span class='ocrx_word' id='word_1_223' title='bbox 689 2874 834 2942; x_wconf 58' lang='lat' dir='ltr'><strong>noi-iuius}</strong></span> <span class='ocrx_word' id='word_1_224' title='bbox 862 2872 941 2943; x_wconf 75' lang='lat' dir='ltr'><strong>Mtv&#39;,</strong></span> <span class='ocrx_word' id='word_1_225' title='bbox 974 2871 996 2931; x_wconf 82' lang='grc' dir='ltr'><em>ὦ</em></span> <span class='ocrx_word' id='word_1_226' title='bbox 1013 2901 1066 2934; x_wconf 82' lang='grc' dir='ltr'><strong><em>τα-</em></strong></span> 
     </span>
     <span class='ocr_line' id='line_1_31' title="bbox 151 2941 1065 3018; baseline 0.001 -17"><span class='ocrx_word' id='word_1_227' title='bbox 151 2943 274 3014; x_wconf 79' lang='grc' dir='ltr'><strong><em>λαίπωρ’,</em></strong></span> <span class='ocrx_word' id='word_1_228' title='bbox 292 2941 399 3014; x_wconf 80' lang='grc' dir='ltr'><strong><em>α’τρέμα</em></strong></span> <span class='ocrx_word' id='word_1_229' title='bbox 416 2949 473 3001; x_wconf 74' lang='lat' dir='ltr'><strong>uois</strong></span> <span class='ocrx_word' id='word_1_230' title='bbox 489 2946 519 3000; x_wconf 78' lang='grc' dir='ltr'><strong>ἐν</strong></span> <span class='ocrx_word' id='word_1_231' title='bbox 536 2941 663 3016; x_wconf 78' lang='grc' dir='ltr'><strong><em>δεμνίοις.</em></strong></span> <span class='ocrx_word' id='word_1_232' title='bbox 699 2945 773 2998; x_wconf 88' lang='lat' dir='ltr'><strong>Cum</strong></span> <span class='ocrx_word' id='word_1_233' title='bbox 791 2947 821 2999; x_wconf 93' lang='lat' dir='ltr'><strong>in</strong></span> <span class='ocrx_word' id='word_1_234' title='bbox 840 2944 922 3002; x_wconf 79' lang='lat' dir='ltr'><strong>MSS.</strong></span> <span class='ocrx_word' id='word_1_235' title='bbox 941 2947 1065 3018; x_wconf 87' lang='lat' dir='ltr'><strong>quibus-</strong></span> 
     </span>
     <span class='ocr_line' id='line_1_32' title="bbox 153 3013 1064 3088; baseline 0 -18"><span class='ocrx_word' id='word_1_236' title='bbox 153 3016 220 3072; x_wconf 88' lang='lat' dir='ltr'><strong>dam</strong></span> <span class='ocrx_word' id='word_1_237' title='bbox 238 3013 357 3085; x_wconf 77' lang='grc' dir='ltr'><strong><em>δτρὲματ</em></strong></span> <span class='ocrx_word' id='word_1_238' title='bbox 374 3015 515 3086; x_wconf 87' lang='lat' dir='ltr'><strong>scriptum</strong></span> <span class='ocrx_word' id='word_1_239' title='bbox 533 3025 617 3082; x_wconf 84' lang='lat' dir='ltr'><strong>esset,</strong></span> <span class='ocrx_word' id='word_1_240' title='bbox 641 3024 789 3069; x_wconf 86' lang='lat' dir='ltr'><strong>corrector</strong></span> <span class='ocrx_word' id='word_1_241' title='bbox 806 3016 891 3069; x_wconf 87' lang='lat' dir='ltr'><strong>metri</strong></span> <span class='ocrx_word' id='word_1_242' title='bbox 907 3017 1018 3088; x_wconf 86' lang='lat' dir='ltr'><strong>peritus</strong></span> <span class='ocrx_word' id='word_1_243' title='bbox 1034 3018 1064 3070; x_wconf 92' lang='lat' dir='ltr'><strong>in</strong></span> 
     </span>
     <span class='ocr_line' id='line_1_33' title="bbox 153 3083 588 3157; baseline 0.002 -17"><span class='ocrx_word' id='word_1_244' title='bbox 153 3087 189 3142; x_wconf 87' lang='lat' dir='ltr'><strong>K.</strong></span> <span class='ocrx_word' id='word_1_245' title='bbox 208 3087 284 3141; x_wconf 85' lang='lat' dir='ltr'><strong>dedit</strong></span> <span class='ocrx_word' id='word_1_246' title='bbox 301 3083 422 3157; x_wconf 68' lang='grc' dir='ltr'><strong><em>α’τρέμοτ</em></strong></span> <span class='ocrx_word' id='word_1_247' title='bbox 439 3085 471 3140; x_wconf 80' lang='grc' dir='ltr'><strong>ἐν</strong></span> <span class='ocrx_word' id='word_1_248' title='bbox 488 3091 544 3142; x_wconf 72' lang='grc' dir='ltr'><strong><em>σοῖο</em></strong></span> <span class='ocrx_word' id='word_1_249' title='bbox 560 3085 588 3141; x_wconf 88' lang='grc' dir='ltr'><strong><em>δ.</em></strong></span> 
     </span>
    </p>
   </div>
   <div class='ocr_carea' id='block_1_10' title="bbox 56 3170 1064 3602">
    <p class='ocr_par' dir='ltr' id='par_1_13' title="bbox 56 3170 1064 3465">
     <span class='ocr_line' id='line_1_34' title="bbox 206 3170 1064 3266; baseline 0.003 -31"><span class='ocrx_word' id='word_1_250' title='bbox 206 3170 397 3250; x_wconf 52' lang='lat' dir='ltr'><strong>[moskitam.</strong></span> <span class='ocrx_word' id='word_1_251' title='bbox 413 3182 432 3239; x_wconf 90' lang='lat' dir='ltr'><strong>i.</strong></span> <span class='ocrx_word' id='word_1_252' title='bbox 456 3204 484 3258; x_wconf 85' lang='lat' dir='ltr'><strong>q.</strong></span> <span class='ocrx_word' id='word_1_253' title='bbox 509 3180 578 3254; x_wconf 79' lang='grc' dir='ltr'><strong>δρᾷν</strong></span> <span class='ocrx_word' id='word_1_254' title='bbox 602 3183 795 3249; x_wconf 70' lang='grc' dir='ltr'><strong><em>σεσευίδεῑυε</em></strong></span> <span class='ocrx_word' id='word_1_255' title='bbox 819 3183 957 3257; x_wconf 86' lang='lat' dir='ltr'><strong>Burgesio</strong></span> <span class='ocrx_word' id='word_1_256' title='bbox 971 3174 1064 3266; x_wconf 80' lang='lat' dir='ltr'><strong>praei.</strong></span> 
     </span>
     <span class='ocr_line' id='line_1_35' title="bbox 154 3251 1062 3327; baseline -0.004 -19"><span class='ocrx_word' id='word_1_257' title='bbox 154 3252 190 3308; x_wconf 84' lang='lat' dir='ltr'><strong>ed</strong></span> <span class='ocrx_word' id='word_1_258' title='bbox 208 3251 313 3318; x_wconf 80' lang='lat' dir='ltr'><strong>Troad.</strong></span> <span class='ocrx_word' id='word_1_259' title='bbox 331 3274 360 3327; x_wconf 90' lang='lat' dir='ltr'><strong>p.</strong></span> <span class='ocrx_word' id='word_1_260' title='bbox 379 3252 453 3308; x_wconf 90' lang='lat' dir='ltr'><strong>XXI.</strong></span> <span class='ocrx_word' id='word_1_261' title='bbox 471 3272 530 3307; x_wconf 92' lang='lat' dir='ltr'><strong>non</strong></span> <span class='ocrx_word' id='word_1_262' title='bbox 549 3254 639 3321; x_wconf 79' lang='lat' dir='ltr'><strong>maie,</strong></span> <span class='ocrx_word' id='word_1_263' title='bbox 657 3255 771 3324; x_wconf 88' lang='lat' dir='ltr'><strong>opinor.</strong></span> <span class='ocrx_word' id='word_1_264' title='bbox 795 3252 932 3308; x_wconf 89' lang='lat' dir='ltr'><strong>Notiones</strong></span> <span class='ocrx_word' id='word_1_265' title='bbox 948 3253 1062 3307; x_wconf 80' lang='lat' dir='ltr'><strong>videndi</strong></span> 
     </span>
     <span class='ocr_line' id='line_1_36' title="bbox 153 3322 1061 3396; baseline 0 -20"><span class='ocrx_word' id='word_1_266' title='bbox 153 3332 180 3376; x_wconf 85' lang='lat' dir='ltr'><strong>et</strong></span> <span class='ocrx_word' id='word_1_267' title='bbox 196 3323 302 3376; x_wconf 88' lang='lat' dir='ltr'><strong>sciendi</strong></span> <span class='ocrx_word' id='word_1_268' title='bbox 319 3342 403 3396; x_wconf 82' lang='lat' dir='ltr'><strong>saepe</strong></span> <span class='ocrx_word' id='word_1_269' title='bbox 422 3323 462 3377; x_wconf 88' lang='lat' dir='ltr'><strong>ita</strong></span> <span class='ocrx_word' id='word_1_270' title='bbox 479 3325 716 3389; x_wconf 82' lang='lat' dir='ltr'><strong>commiscentur,</strong></span> <span class='ocrx_word' id='word_1_271' title='bbox 738 3333 771 3376; x_wconf 92' lang='lat' dir='ltr'><strong>ut</strong></span> <span class='ocrx_word' id='word_1_272' title='bbox 789 3323 877 3378; x_wconf 87' lang='lat' dir='ltr'><strong>altera</strong></span> <span class='ocrx_word' id='word_1_273' title='bbox 895 3330 924 3375; x_wconf 88' lang='lat' dir='ltr'><strong>in</strong></span> <span class='ocrx_word' id='word_1_274' title='bbox 942 3322 1061 3376; x_wconf 83' lang='lat' dir='ltr'><strong>alteram</strong></span> 
     </span>
     <span class='ocr_line' id='line_1_37' title="bbox 56 3391 1060 3465; baseline 0 -23"><span class='ocrx_word' id='word_1_275' title='bbox 56 3416 58 3427; x_wconf 83' lang='lat'><em>=</em></span> <span class='ocrx_word' id='word_1_276' title='bbox 151 3399 292 3444; x_wconf 86' lang='lat' dir='ltr'><strong>transeat:</strong></span> <span class='ocrx_word' id='word_1_277' title='bbox 317 3409 390 3462; x_wconf 88' lang='lat' dir='ltr'><strong>quae</strong></span> <span class='ocrx_word' id='word_1_278' title='bbox 412 3393 474 3465; x_wconf 85' lang='lat' dir='ltr'><strong>ipsa</strong></span> <span class='ocrx_word' id='word_1_279' title='bbox 499 3403 654 3457; x_wconf 84' lang='lat' dir='ltr'><strong>causaest,</strong></span> <span class='ocrx_word' id='word_1_280' title='bbox 677 3411 762 3446; x_wconf 81' lang='lat' dir='ltr'><strong>cura</strong></span> <span class='ocrx_word' id='word_1_281' title='bbox 786 3393 825 3447; x_wconf 91' lang='lat' dir='ltr'><strong>ud</strong></span> <span class='ocrx_word' id='word_1_282' title='bbox 843 3393 964 3444; x_wconf 83' lang='lat' dir='ltr'><strong>Graecos</strong></span> <span class='ocrx_word' id='word_1_283' title='bbox 981 3391 1060 3459; x_wconf 81' lang='lat' dir='ltr'><strong>ejus—</strong></span> 
     </span>
    </p>

    <p class='ocr_par' dir='ltr' id='par_1_14' title="bbox 150 3413 1060 3602">
     <span class='ocr_line' id='line_1_38' title="bbox 152 3413 1060 3532; baseline 0 -20"><span class='ocrx_word' id='word_1_284' title='bbox 152 3459 217 3512; x_wconf 85' lang='lat' dir='ltr'><strong>dem</strong></span> <span class='ocrx_word' id='word_1_285' title='bbox 233 3458 364 3513; x_wconf 79' lang='lat' dir='ltr'><strong>thematis</strong></span> <span class='ocrx_word' id='word_1_286' title='bbox 387 3464 503 3532; x_wconf 83' lang='grc' dir='ltr'><em>(ΕΙΔΩ)</em></span> <span class='ocrx_word' id='word_1_287' title='bbox 532 3462 603 3516; x_wconf 85' lang='lat' dir='ltr'><strong>aliae</strong></span> <span class='ocrx_word' id='word_1_288' title='bbox 627 3463 737 3517; x_wconf 84' lang='lat' dir='ltr'><strong>formae</strong></span> <span class='ocrx_word' id='word_1_289' title='bbox 763 3413 796 3516; x_wconf 69' lang='grc' dir='ltr'><strong><em>δε</em></strong></span> <span class='ocrx_word' id='word_1_290' title='bbox 820 3459 897 3526; x_wconf 88' lang='lat' dir='ltr'><strong>visu,</strong></span> <span class='ocrx_word' id='word_1_291' title='bbox 919 3455 1001 3512; x_wconf 35' lang='lat' dir='ltr'><strong>*attae</strong></span> <span class='ocrx_word' id='word_1_292' title='bbox 1026 3458 1060 3514; x_wconf 86' lang='lat' dir='ltr'><strong>de</strong></span> 
     </span>
     <span class='ocr_line' id='line_1_39' title="bbox 150 3527 709 3602; baseline 0.009 -21"><span class='ocrx_word' id='word_1_293' title='bbox 150 3527 268 3583; x_wconf 87' lang='lat' dir='ltr'><strong>seientia</strong></span> <span class='ocrx_word' id='word_1_294' title='bbox 288 3542 443 3602; x_wconf 82' lang='lat' dir='ltr'><strong>usurpatae</strong></span> <span class='ocrx_word' id='word_1_295' title='bbox 458 3533 525 3587; x_wconf 83' lang='lat' dir='ltr'><strong>sint.</strong></span> <span class='ocrx_word' id='word_1_296' title='bbox 567 3538 601 3589; x_wconf 87' lang='lat' dir='ltr'><strong>G.</strong></span> <span class='ocrx_word' id='word_1_297' title='bbox 616 3538 654 3588; x_wconf 87' lang='lat' dir='ltr'><strong>H.</strong></span> <span class='ocrx_word' id='word_1_298' title='bbox 666 3532 709 3602; x_wconf 87' lang='lat' dir='ltr'><strong>S.]</strong></span> 
     </span>
    </p>
   </div>
   <div class='ocr_carea' id='block_1_11' title="bbox 146 3626 1055 3787">
    <p class='ocr_par' dir='ltr' id='par_1_15' title="bbox 146 3626 1055 3787">
     <span class='ocr_line' id='line_1_40' title="bbox 201 3626 1055 3701; baseline -0.002 -20"><span class='ocrx_word' id='word_1_299' title='bbox 201 3632 262 3685; x_wconf 80' lang='lat'><strong>255.</strong></span> <span class='ocrx_word' id='word_1_300' title='bbox 287 3629 383 3701; x_wconf 72' lang='lat' dir='ltr'><strong>ispeiue</strong></span> <span class='ocrx_word' id='word_1_301' title='bbox 405 3631 470 3685; x_wconf 83' lang='lat' dir='ltr'><strong>Aid.</strong></span> <span class='ocrx_word' id='word_1_302' title='bbox 495 3627 522 3685; x_wconf 83' lang='lat' dir='ltr'><strong>et</strong></span> <span class='ocrx_word' id='word_1_303' title='bbox 541 3630 624 3687; x_wconf 86' lang='lat' dir='ltr'><strong>MSS.</strong></span> <span class='ocrx_word' id='word_1_304' title='bbox 648 3631 695 3686; x_wconf 76' lang='lat' dir='ltr'><strong>sed</strong></span> <span class='ocrx_word' id='word_1_305' title='bbox 719 3630 802 3700; x_wconf 72' lang='grc' dir='ltr'><strong><em>ιῗριαι</em></strong></span> <span class='ocrx_word' id='word_1_306' title='bbox 826 3626 948 3698; x_wconf 75' lang='lat' dir='ltr'><strong>Kingius</strong></span> <span class='ocrx_word' id='word_1_307' title='bbox 970 3644 1002 3680; x_wconf 79' lang='lat' dir='ltr'><strong>ex</strong></span> <span class='ocrx_word' id='word_1_308' title='bbox 1020 3628 1055 3682; x_wconf 89' lang='lat' dir='ltr'><strong>K.</strong></span> 
     </span>
     <span class='ocr_line' id='line_1_41' title="bbox 146 3698 1037 3787; baseline 0.002 -30"><span class='ocrx_word' id='word_1_309' title='bbox 146 3698 253 3772; x_wconf 72' lang='lat' dir='ltr'><strong>[scrib.</strong></span> <span class='ocrx_word' id='word_1_310' title='bbox 278 3699 369 3775; x_wconf 77' lang='grc' dir='ltr'><strong><em>ιἰρίοι.</em></strong></span> <span class='ocrx_word' id='word_1_311' title='bbox 410 3705 442 3756; x_wconf 81' lang='lat' dir='ltr'><strong>G.</strong></span> <span class='ocrx_word' id='word_1_312' title='bbox 455 3705 493 3757; x_wconf 84' lang='lat' dir='ltr'><strong>H.</strong></span> <span class='ocrx_word' id='word_1_313' title='bbox 508 3698 551 3781; x_wconf 72' lang='lat' dir='ltr'><strong>S0]</strong></span> <span class='ocrx_word' id='word_1_314' title='bbox 607 3778 612 3787; x_wconf 83' lang='lat'><strong>.</strong></span> <span class='ocrx_word' id='word_1_315' title='bbox 1034 3754 1037 3759; x_wconf 92' lang='lat'><strong>.</strong></span> 
     </span>
    </p>
   </div>
   <div class='ocr_carea' id='block_1_12' title="bbox 0 0 1232 4296">
    <p class='ocr_par' dir='ltr' id='par_1_16' title="bbox 0 0 1232 4296">
     <span class='ocr_line' id='line_1_42' title="bbox 0 0 1232 4296; baseline 0 5"><span class='ocrx_word' id='word_1_316' title='bbox 0 0 1232 4296; x_wconf 95' lang='lat' dir='ltr'><strong> </strong></span> 
     </span>
    </p>
   </div>
  </div>
 </body>
</html>
