2454 4296
380 290 789 358 OPEM'HM.
996 308 1037 368 15

124 461 266 550 κορυφῆς·
285 459 507 549 ὑπερτέλλοντα
526 461 689 545 δειμαίνων
716 461 840 547 πέτρον,

124 547 195 638 οἷέρο
214 550 368 629 nutrirat,
388 551 442 616 sol
462 552 542 614 rives
559 545 679 625 ταύτην
700 551 797 630 δίκην,

123 631 166 712 οἷς
186 639 242 720 μὲν
263 639 417 720 λέγουσιν,
438 629 488 700 ὅτι
506 636 614 713 θεοῖς,
635 634 806 718 ἄνθρωπος·
825 632 881 715 oie,

122 725 228 803 κοινῆς
248 725 400 807 τραπέζης
417 717 526 803 ciliani
545 720 625 807 ἔχων
646 723 725 800 ἴσον,

123 804 296 874 ἀκόλαστον
316 809 387 894 ἔσχε
412 807 571 890 γλῶσσαν,
598 811 652 871 aio
671 811 763 885 ν’στην
783 803 887 873 νόσον.
998 826 1037 872 10

123 888 218 969 οὗτος
240 890 368 976 φυτεύει
386 895 534 971 Πέλοπα,
554 895 613 959 τοῦ
680 889 817 980 Ἀτρεύς
836 894 909 976 ἴου,

122 977 148 1067 qi
169 982 334 1064 στέμματα·
347 977 452 1060 ξήνοο’
470 980 639 1047 inrisiones
659 973 723 1045 θεοῖ
1040 994 1045 1052 t

122 1146 254 1200 Guellius
278 1156 305 1200 et
327 1145 475 1205 Cerdanus
499 1148 536 1203 ad
560 1147 664 1219 Virgil.
688 1148 761 1202 Aen
783 1147 834 1201 Vl.
852 1148 913 1203 602.
947 1145 1037 1200 Lam-

122 1216 208 1270 binus
227 1216 263 1270 ad
281 1217 385 1271 Horat.
410 1218 469 1273 S'at.
494 1218 518 1273 Ι.
539 1238 562 1272 1.
580 1220 623 1272 68.
641 1226 668 1270 et
685 1216 819 1291 Davisius
836 1217 872 1270 ad
889 1217 1035 1288 posterio-
1065 1214 1068 1225 '

93 1330 95 1336 .
121 1302 184 1340 rem
202 1285 368 1341 Ciceronem
385 1284 483 1341 locum
502 1287 689 1358 collegerunt.
730 1285 859 1341 'l'andem
877 1285 966 1357 igitur
984 1285 1038 1337 ele·

120 1355 199 1417 sino,
216 1371 253 1408 ne
267 1365 352 1476 putes
368 1373 414 1409 me
431 1357 507 1411 idem
525 1366 626 1480 sponte
644 1356 751 1423 lacere,
776 1355 856 1429 quod
872 1355 939 1408 facit
956 1353 1036 1408 invi*-

120 1432 166 1476 tus
183 1422 245 1495 Sisy
288 1443 337 1491 us,
374 1425 405 1478 ui
427 1436 522 1480 versat

115 1493 228 1563 preficit
246 1441 375 1562 lilumff‘i

169 1563 196 1614 6.
213 1583 278 1630 sepo
301 1561 342 1631 ἧς.
365 1558 484 1633 sepelir
508 1561 586 1615 Dion
611 1559 712 1632 Chrys.
730 1579 763 1615 ex
780 1559 883 1632 glossa.

119 1694 123 1707 „
169 1631 196 1683 8.
214 1583 299 1683 lstutl
316 1629 382 1699 μὲν,
400 1631 447 1682 cui
464 1647 524 1683 non
540 1648 585 1683 res
608 1631 693 1684 ondet
710 1626 748 1693 tt,
777 1630 875 1682 innuit
891 1624 1035 1681 Electram

116 1715 225 1820 ἱοτὲιω
246 1698 393 1753 credulam
411 1717 476 1754 esse.
501 1699 596 1836 [lllon.
614 1697 1036 1774 Hoogeveen.1)octr.Partic.

142 1805 149 1821 .
196 1784 222 1820 r.
264 1771 352 1823 .663.
378 1773 411 1822 G.
422 1773 461 1822 H.
482 1773 510 1823 S.

129 1854 132 1859 ·
190 1875 197 1889 .
246 1855 303 1890 unc
320 1854 436 1893 versum
459 1847 486 1891 et
511 1835 656 1893 Phoeniss.
681 1841 743 1907 762.
766 1839 856 1909 [778.]
875 1834 944 1889 citat
960 1835 1034 1906 Ety-

118 1853 250 1986 molltgus
266 1926 297 1979 p.
320 1911 382 1977 477,
410 1909 451 1964 14.
476 1906 632 1961 observans
655 1907 786 1981 priorem
810 1907 842 1960 in
867 1909 924 1961 i'eor
956 1902 1033 2024 apud

66 2034 69 2039 Ι
118 1973 256 2045 Tragicos
272 1983 300 2028 et
319 1975 452 2030 Comicos
469 1993 582 2049 semper
604 1977 729 2062 corripi3
755 1974 834 2048 quod
854 1974 889 2028 de
905 1974 979 2045 simp
994 1972 1035 2027 ice

117 2045 176 2099 i'eer
188 2043 248 2098 fere
268 2063 370 2104 verum
389 2055 444 2112 est;
469 2047 661 2118 compositum
686 2043 797 2102 ιοόθεοο
835 2044 941 2098 rimam
958 2059 1033 2114 pro-

117 2110 195 2164 ducit
211 2112 243 2165 in
262 2113 393 2186 Aeschyl.
411 2115 490 2168 Pers.
508 2119 551 2170 80.
576 2115 757 2187 Corruptum
775 2064 889 2166 viiitur
909 2111 1034 2181 ejusdem

115 2179 310 2251 fragmentum
340 2182 418 2255 apud
445 2181 628 2237 Bruncltium
663 2184 695 2237 in
722 2183 824 2235 Lexico
854 2178 1033 2253 Sophocleo:

118 2247 201 2317 Ἐμοὶ
220 2255 328 2320 γένοιτο
344 2253 432 2320 φᾶρος
450 2251 510 2306 ἴσον
527 2247 644 2319 οὐρανῷ.

170 2335 212 2368 12·
237 2322 383 2383 στέμματα
404 2327 481 2370 recte
498 2332 551 2389 per
574 2321 635 2385 ἔρια
653 2317 771 2390 exponit
787 2315 972 2380 Scholiastes,
989 2316 1033 2386 ll)

94 2428 96 2437 ,
115 2383 168 2506 ssui
187 2393 215 2437 et
232 2384 342 2438 variam
360 2384 510 2440 lectionem
528 2395 686 2453 memorat,
713 2387 771 2458 ἴοις,
785 2402 841 2458 pro
858 2387 927 2457 ἔριν.
945 2382 1033 2438 M'ale.

144 2471 176 2508 ea
196 2461 238 2506 est
254 2451 368 2509 Clotho.
385 2453 498 2521 ξείνοοα
514 2453 581 2511 Ald.

551 1427 644 1478 ‘exuar
666 1427 772 1478 sudans
794 1425 923 1491 meando,
948 1442 1036 1497 neque

149 2590 192 2661 [*)
209 2589 343 2646 Profecto
359 2589 521 2646 doctissima
539 2590 704 2655 annotatio,
722 2591 819 2664 quales
837 2589 1031 2645 Hemsterhu-

181 2660 216 2714 sii
233 2670 262 2715 et
279 2659 462 2715 Valckenarii
479 2660 627 2715 dederunt.
658 2659 728 2726 sed,
753 2662 808 2715 nisi
829 2661 956 2714 multum
972 2660 1032 2714 fal-

179 2729 243 2796 lor,
268 2730 415 2786 Porsonus
439 2729 509 2784 haec
533 2731 647 2802 scripsit
670 2748 731 2783 non
753 2730 808 2784 hoc
839 2730 974 2795 consilio,
998 2737 1032 2783 ut

180 2798 341 2854 ostenderet
364 2817 393 2855 se
441 2800 501 2854 aria
525 2797 619 2854 facere
666 2817 740 2866 osse,
765 2801 845 2883 (quis
870 2800 947 2852 enim
975 2797 1031 2852 hoo

112 2920 114 2925 .
167 2866 352 2936 ‚dubitavitll
378 2886 406 2922 se
451 2878 486 2922 ut
509 2878 604 2923 totam
626 2818 707 2924 illam
731 2887 829 2941 copias
848 2867 1031 2922 doctrinaee

179 2954 261 2990 sacco
293 2937 535 2994 collectaneorum
565 2938 731 2993 effundendi
763 2940 907 2994 rationem
933 2934 1028 3008 lepide

181 3005 380 3062 subsannaret.
422 3012 457 3062 G.
475 3013 515 3062 H.
534 3007 578 3075 S.]
871 3017 873 3021 ’

150 3072 205 3143 β’)
222 3074 313 3142 Male,
333 3077 342 3129 i
365 3093 396 3129 so
417 3083 512 3130 tamen
526 3074 682 3131 Scholiasta
703 3084 830 3138 auctore,
847 3074 934 3129 vertit
945 3073 1033 3128 Hoo-

181 3159 320 3212 geveenus
341 3097 441 3199 Boctr.
464 3146 570 3201 Partic.
595 3146 627 3198 L.
651 3146 704 3201 Gr.
729 3166 759 3218 p.
781 3146 843 3215 273.
869 3146 914 3196 cui
934 3144 1032 3213 fatale

180 3212 310 3265 diadema
330 3216 555 3270 terminans-·.
591 3214 693 3270 Obiter
720 3214 867 3267 videamus
892 3211 1033 3266 Theocri-

182 3287 246 3335 tum
270 3279 311 3339 ld.
337 3281 439 3339 XXIV.
463 3286 505 3352 96.
533 3283 634 3354 &elicii
666 3283 834 3354 ε’πιῤῥαίνειν
864 3283 1032 3353 ἐστεμμένον

180 3346 303 3422 ἀβλαβὲς
322 3344 405 3421 ὕδωρ.
447 3353 525 3409 Cum
548 3353 604 3407 tria
628 3352 752 3425 epitheta
774 3351 826 3404 uni
850 3353 949 3424 juncta
971 3370 1030 3405 no—

180 3419 254 3472 mini
272 3438 379 3493 parum
394 3419 534 3492 placeant,
552 3422 651 3478 malim
670 3421 835 3492 ἐοτεμμένῳ.
855 3421 914 3474 vid.
931 3423 1030 3493 Span-

178 3486 255 3544 hem.
268 3489 304 3544 ad
315 3482 463 3562 Aristoplr.
475 3492 552 3548 Plut.
564 3512 593 3549 v.
608 3495 670 3549 583.
688 3490 781 3545 Possis
797 3491 881 3545 etiam
895 3492 1031 3561 ἐστεμμέ-

180 3577 234 3615 νοι.
251 3558 309 3614 vid.
326 3557 463 3633 Sophocl.
476 3561 545 3616 Oed.
561 3560 595 3617 T.
612 3581 641 3616 v.
659 3563 686 3614 5.
704 3560 865 3615 Hermanni
882 3561 1029 3630 interpre-

178 3626 316 3684 tationem
339 3629 472 3701 vulgatae
494 3629 541 3684 vix
559 3631 641 3702 juvat
664 3629 786 3684 verbum
808 3631 1029 3702 ἐπιρῥαίνεινι

179 3711 246 3751 nam
268 3696 305 3753 ad
327 3698 539 3773 adspersionem
562 3699 723 3774 pauxillum
751 3717 842 3772 aquae
864 3696 1029 3752 sufficiehat.
