<?xml version="1.0" encoding="UTF-8"?>
<!DOCTYPE html PUBLIC "-//W3C//DTD XHTML 1.0 Transitional//EN"
    "http://www.w3.org/TR/xhtml1/DTD/xhtml1-transitional.dtd">
<html xmlns="http://www.w3.org/1999/xhtml" xml:lang="en" lang="en">
 <head>
  <title>
</title>
<meta http-equiv="Content-Type" content="text/html;charset=utf-8" />
  <meta name='ocr-system' content='tesseract 3.04.00' />
  <meta name='ocr-capabilities' content='ocr_page ocr_carea ocr_par ocr_line ocrx_word'/>
</head>
<body>
  <div class='ocr_page' id='page_1' title='image "./hecubaorestesph00porsgoog_0024.png"; bbox 0 0 2454 4296; ppageno 0'>
   <div class='ocr_carea' id='block_1_1' title="bbox 790 213 806 244">
    <p class='ocr_par' dir='ltr' id='par_1_1' title="bbox 790 213 806 244">
     <span class='ocr_line' id='line_1_1' title="bbox 790 213 806 244; baseline 0 0"><span class='ocrx_word' id='word_1_1' title='bbox 790 213 806 244; x_wconf 55' lang='grc' dir='ltr'><strong>Ν</strong></span> 
     </span>
    </p>
   </div>
   <div class='ocr_carea' id='block_1_2' title="bbox 394 298 1071 383">
    <p class='ocr_par' dir='ltr' id='par_1_2' title="bbox 394 298 1071 383">
     <span class='ocr_line' id='line_1_2' title="bbox 394 298 1071 383; baseline -0.004 -17"><span class='ocrx_word' id='word_1_2' title='bbox 394 306 742 369; x_wconf 80' lang='grc' dir='ltr'><strong>ΟΡΕΣΤΗΣ.</strong></span> <span class='ocrx_word' id='word_1_3' title='bbox 787 298 842 368; x_wconf 80' lang='grc'>60.</span> <span class='ocrx_word' id='word_1_4' title='bbox 1029 317 1071 383; x_wconf 85' lang='lat'>19</span> 
     </span>
    </p>
   </div>
   <div class='ocr_carea' id='block_1_3' title="bbox 67 465 1067 1076">
    <p class='ocr_par' dir='ltr' id='par_1_3' title="bbox 156 465 1067 644">
     <span class='ocr_line' id='line_1_3' title="bbox 157 465 1067 573; baseline 0.002 -36"><span class='ocrx_word' id='word_1_5' title='bbox 157 469 363 573; x_wconf 72' lang='grc' dir='ltr'><strong><em>προῦπομιρεν</em></strong></span> <span class='ocrx_word' id='word_1_6' title='bbox 391 473 436 547; x_wconf 77' lang='grc' dir='ltr'>οἷς</span> <span class='ocrx_word' id='word_1_7' title='bbox 462 466 538 554; x_wconf 73' lang='grc' dir='ltr'>δῶμ’</span> <span class='ocrx_word' id='word_1_8' title='bbox 557 465 722 558; x_wconf 68' lang='grc' dir='ltr'><strong><em>ἡμέτερον·</em></strong></span> <span class='ocrx_word' id='word_1_9' title='bbox 744 469 827 563; x_wconf 77' lang='grc' dir='ltr'><strong><em>ἔστιν</em></strong></span> <span class='ocrx_word' id='word_1_10' title='bbox 847 470 875 536; x_wconf 71' lang='lat' dir='ltr'>d</span> <span class='ocrx_word' id='word_1_11' title='bbox 896 470 958 539; x_wconf 71' lang='grc' dir='ltr'><strong><em>ἴσοι</em></strong></span> <span class='ocrx_word' id='word_1_12' title='bbox 1023 469 1067 539; x_wconf 83' lang='grc'>60</span> 
     </span>
     <span class='ocr_line' id='line_1_4' title="bbox 156 552 859 644; baseline -0.001 -20"><span class='ocrx_word' id='word_1_13' title='bbox 156 555 281 624; x_wconf 79' lang='grc' dir='ltr'><strong><em>κλάονο’</em></strong></span> <span class='ocrx_word' id='word_1_14' title='bbox 301 555 439 640; x_wconf 66' lang='lat' dir='ltr'>odelerio</span> <span class='ocrx_word' id='word_1_15' title='bbox 460 555 624 644; x_wconf 75' lang='grc' dir='ltr'><strong><em>ξυμφοράν</em></strong></span> <span class='ocrx_word' id='word_1_16' title='bbox 644 583 678 624; x_wconf 82' lang='grc' dir='ltr'>ιε</span> <span class='ocrx_word' id='word_1_17' title='bbox 699 552 859 640; x_wconf 76' lang='grc' dir='ltr'>δωμάτων.</span> 
     </span>
    </p>

    <p class='ocr_par' dir='ltr' id='par_1_4' title="bbox 88 640 792 749">
     <span class='ocr_line' id='line_1_5' title="bbox 88 640 792 749; baseline -0.001 -40"><span class='ocrx_word' id='word_1_18' title='bbox 88 640 90 647; x_wconf 72' lang='lat'>‚</span> <span class='ocrx_word' id='word_1_19' title='bbox 136 643 220 749; x_wconf 56' lang='lat' dir='ltr'>&#39;ipro</span> <span class='ocrx_word' id='word_1_20' title='bbox 240 647 274 709; x_wconf 76' lang='grc' dir='ltr'>δὲ</span> <span class='ocrx_word' id='word_1_21' title='bbox 294 641 334 728; x_wconf 72' lang='grc' dir='ltr'>δήΙ</span> <span class='ocrx_word' id='word_1_22' title='bbox 356 640 414 710; x_wconf 74' lang='grc' dir='ltr'><strong><em>τιν’</em></strong></span> <span class='ocrx_word' id='word_1_23' title='bbox 440 641 556 728; x_wconf 77' lang='grc' dir='ltr'><strong><em>οἷλγὲων</em></strong></span> <span class='ocrx_word' id='word_1_24' title='bbox 579 641 792 730; x_wconf 78' lang='grc' dir='ltr'><strong><em>παραψνχήν·</em></strong></span> 
     </span>
    </p>

    <p class='ocr_par' dir='ltr' id='par_1_5' title="bbox 119 725 1003 815">
     <span class='ocr_line' id='line_1_6' title="bbox 119 725 1003 815; baseline 0.005 -22"><span class='ocrx_word' id='word_1_25' title='bbox 119 762 128 778; x_wconf 83' lang='grc'><em>·</em></span> <span class='ocrx_word' id='word_1_26' title='bbox 154 727 196 808; x_wconf 76' lang='grc' dir='ltr'>ἡν</span> <span class='ocrx_word' id='word_1_27' title='bbox 216 725 281 815; x_wconf 73' lang='grc' dir='ltr'>γοῖρ</span> <span class='ocrx_word' id='word_1_28' title='bbox 301 726 370 798; x_wconf 76' lang='grc' dir='ltr'>κατ’</span> <span class='ocrx_word' id='word_1_29' title='bbox 391 732 495 806; x_wconf 77' lang='grc' dir='ltr'><strong><em>οἴκους</em></strong></span> <span class='ocrx_word' id='word_1_30' title='bbox 515 726 606 814; x_wconf 74' lang='grc' dir='ltr'><strong><em>ἔλιφ’,</em></strong></span> <span class='ocrx_word' id='word_1_31' title='bbox 638 727 683 798; x_wconf 78' lang='grc' dir='ltr'>ὅτ’</span> <span class='ocrx_word' id='word_1_32' title='bbox 703 735 748 805; x_wconf 76' lang='grc' dir='ltr'>εἰς</span> <span class='ocrx_word' id='word_1_33' title='bbox 771 728 888 812; x_wconf 63' lang='lat' dir='ltr'>epotas</span> <span class='ocrx_word' id='word_1_34' title='bbox 909 726 1003 806; x_wconf 74' lang='grc' dir='ltr'><strong><em>ἔπλει,</em></strong></span> 
     </span>
    </p>

    <p class='ocr_par' dir='ltr' id='par_1_6' title="bbox 155 815 939 904">
     <span class='ocr_line' id='line_1_7' title="bbox 155 815 939 904; baseline -0.001 -24"><span class='ocrx_word' id='word_1_35' title='bbox 155 819 335 900; x_wconf 74' lang='grc' dir='ltr'><strong><em>παρθένον,</em></strong></span> <span class='ocrx_word' id='word_1_36' title='bbox 360 816 420 903; x_wconf 70' lang='grc' dir='ltr'>6μῇ</span> <span class='ocrx_word' id='word_1_37' title='bbox 440 839 472 881; x_wconf 76' lang='grc' dir='ltr'>τε</span> <span class='ocrx_word' id='word_1_38' title='bbox 491 820 590 904; x_wconf 70' lang='grc' dir='ltr'><strong><em>μητρὶ</em></strong></span> <span class='ocrx_word' id='word_1_39' title='bbox 606 818 782 903; x_wconf 72' lang='grc' dir='ltr'><strong><em>παρέδωκεν</em></strong></span> <span class='ocrx_word' id='word_1_40' title='bbox 802 815 939 901; x_wconf 73' lang='grc' dir='ltr'><strong><em>τρέφειν,</em></strong></span> 
     </span>
    </p>

    <p class='ocr_par' dir='ltr' id='par_1_7' title="bbox 67 899 1066 991">
     <span class='ocr_line' id='line_1_8' title="bbox 67 899 1066 991; baseline -0.003 -22"><span class='ocrx_word' id='word_1_41' title='bbox 67 921 69 930; x_wconf 82' lang='grc'><strong>“</strong></span> <span class='ocrx_word' id='word_1_42' title='bbox 154 904 337 982; x_wconf 74' lang='grc' dir='ltr'><strong><em>Μενέλαος,</em></strong></span> <span class='ocrx_word' id='word_1_43' title='bbox 358 899 483 988; x_wconf 65' lang='grc' dir='ltr'><strong><em>οἷνανοῖν</em></strong></span> <span class='ocrx_word' id='word_1_44' title='bbox 501 899 671 986; x_wconf 79' lang='grc' dir='ltr'><strong><em>Ἑρμιόνην</em></strong></span> <span class='ocrx_word' id='word_1_45' title='bbox 692 900 845 991; x_wconf 76' lang='grc' dir='ltr'><strong><em>Σπόριὴς</em></strong></span> <span class='ocrx_word' id='word_1_46' title='bbox 864 899 940 981; x_wconf 81' lang='lat' dir='ltr'>dno,</span> <span class='ocrx_word' id='word_1_47' title='bbox 983 900 987 911; x_wconf 84' lang='grc'><strong>’</strong></span> <span class='ocrx_word' id='word_1_48' title='bbox 1025 900 1066 976; x_wconf 85' lang='grc'>65</span> 
     </span>
    </p>

    <p class='ocr_par' dir='ltr' id='par_1_8' title="bbox 153 984 760 1076">
     <span class='ocr_line' id='line_1_9' title="bbox 153 984 760 1076; baseline -0.002 -20"><span class='ocrx_word' id='word_1_49' title='bbox 153 984 255 1076; x_wconf 73' lang='grc' dir='ltr'>,ταύτῃ</span> <span class='ocrx_word' id='word_1_50' title='bbox 277 989 390 1074; x_wconf 73' lang='grc' dir='ltr'>γέγηθε</span> <span class='ocrx_word' id='word_1_51' title='bbox 411 985 620 1071; x_wconf 68' lang='grc' dir='ltr'><strong><em>κάπιλήθεται</em></strong></span> <span class='ocrx_word' id='word_1_52' title='bbox 645 991 760 1057; x_wconf 74' lang='grc' dir='ltr'><strong><em>κανῶν.</em></strong></span> 
     </span>
    </p>
   </div>
   <div class='ocr_carea' id='block_1_4' title="bbox 154 1225 1067 1471">
    <p class='ocr_par' dir='ltr' id='par_1_9' title="bbox 154 1225 1067 1471">
     <span class='ocr_line' id='line_1_10' title="bbox 208 1225 1066 1332; baseline -0.003 -19"><span class='ocrx_word' id='word_1_53' title='bbox 208 1258 252 1314; x_wconf 72' lang='grc' dir='ltr'>6ο.</span> <span class='ocrx_word' id='word_1_54' title='bbox 270 1258 423 1330; x_wconf 63' lang='lat' dir='ltr'>noandum·</span> <span class='ocrx_word' id='word_1_55' title='bbox 446 1225 638 1332; x_wconf 87' lang='lat' dir='ltr'>penultimam</span> <span class='ocrx_word' id='word_1_56' title='bbox 668 1257 805 1332; x_wconf 84' lang='lat' dir='ltr'>cor&#39;ripit,</span> <span class='ocrx_word' id='word_1_57' title='bbox 829 1265 931 1331; x_wconf 84' lang='lat' dir='ltr'>utpote</span> <span class='ocrx_word' id='word_1_58' title='bbox 954 1254 990 1311; x_wconf 87' lang='lat' dir='ltr'>ab</span> <span class='ocrx_word' id='word_1_59' title='bbox 1013 1273 1066 1310; x_wconf 84' lang='lat' dir='ltr'>ao-</span> 
     </span>
     <span class='ocr_line' id='line_1_11' title="bbox 154 1324 1067 1471; baseline -0.001 -91"><span class='ocrx_word' id='word_1_60' title='bbox 154 1327 368 1471; x_wconf 50' lang='lat' dir='ltr'>{isgpatsoeppvpdo</span> <span class='ocrx_word' id='word_1_61' title='bbox 393 1328 556 1386; x_wconf 88' lang='lat' dir='ltr'>deductum.</span> <span class='ocrx_word' id='word_1_62' title='bbox 595 1327 702 1384; x_wconf 84' lang='lat' dir='ltr'>Eadem</span> <span class='ocrx_word' id='word_1_63' title='bbox 726 1339 767 1383; x_wconf 86' lang='lat' dir='ltr'>eat</span> <span class='ocrx_word' id='word_1_64' title='bbox 783 1329 858 1382; x_wconf 83' lang='lat' dir='ltr'>ratio</span> <span class='ocrx_word' id='word_1_65' title='bbox 882 1329 914 1381; x_wconf 91' lang='lat' dir='ltr'>in</span> <span class='ocrx_word' id='word_1_66' title='bbox 930 1324 1067 1398; x_wconf 60' lang='grc' dir='ltr'><strong><em>διατριβῇ,</em></strong></span> 
     </span>
    </p>
   </div>
   <div class='ocr_carea' id='block_1_5' title="bbox 75 1525 1126 3117">
    <p class='ocr_par' dir='ltr' id='par_1_10' title="bbox 75 1525 1126 3117">
     <span class='ocr_line' id='line_1_12' title="bbox 206 1525 1068 1586; baseline 0.001 -5"><span class='ocrx_word' id='word_1_67' title='bbox 206 1528 250 1581; x_wconf 75' lang='lat' dir='ltr'>et.</span> <span class='ocrx_word' id='word_1_68' title='bbox 268 1527 329 1582; x_wconf 92' lang='lat' dir='ltr'>Cur</span> <span class='ocrx_word' id='word_1_69' title='bbox 346 1532 378 1585; x_wconf 90' lang='lat' dir='ltr'><strong><em>N</em></strong></span> <span class='ocrx_word' id='word_1_70' title='bbox 391 1526 507 1583; x_wconf 84' lang='lat' dir='ltr'>finalem</span> <span class='ocrx_word' id='word_1_71' title='bbox 530 1528 561 1581; x_wconf 90' lang='lat' dir='ltr'>in</span> <span class='ocrx_word' id='word_1_72' title='bbox 586 1525 742 1583; x_wconf 75' lang='grc' dir='ltr'><strong><em>ἐπέκλωσεν</em></strong></span> <span class='ocrx_word' id='word_1_73' title='bbox 765 1545 792 1585; x_wconf 86' lang='lat' dir='ltr'>v.</span> <span class='ocrx_word' id='word_1_74' title='bbox 815 1545 857 1586; x_wconf 82' lang='lat' dir='ltr'>ra.</span> <span class='ocrx_word' id='word_1_75' title='bbox 881 1538 910 1583; x_wconf 88' lang='lat' dir='ltr'>et</span> <span class='ocrx_word' id='word_1_76' title='bbox 926 1525 1068 1582; x_wconf 86' lang='lat' dir='ltr'>similibus</span> 
     </span>
     <span class='ocr_line' id='line_1_13' title="bbox 155 1594 1069 1671; baseline -0.002 -20"><span class='ocrx_word' id='word_1_77' title='bbox 155 1594 328 1665; x_wconf 79' lang='lat' dir='ltr'>addiderim,</span> <span class='ocrx_word' id='word_1_78' title='bbox 346 1615 431 1651; x_wconf 84' lang='lat' dir='ltr'>nemo</span> <span class='ocrx_word' id='word_1_79' title='bbox 450 1599 505 1651; x_wconf 89' lang='lat' dir='ltr'>nisi</span> <span class='ocrx_word' id='word_1_80' title='bbox 523 1596 573 1669; x_wconf 90' lang='lat' dir='ltr'>qui</span> <span class='ocrx_word' id='word_1_81' title='bbox 591 1597 738 1651; x_wconf 85' lang='lat' dir='ltr'>communi</span> <span class='ocrx_word' id='word_1_82' title='bbox 755 1614 840 1651; x_wconf 88' lang='lat' dir='ltr'>sensu</span> <span class='ocrx_word' id='word_1_83' title='bbox 857 1597 944 1671; x_wconf 86' lang='lat' dir='ltr'>plane</span> <span class='ocrx_word' id='word_1_84' title='bbox 963 1607 1069 1663; x_wconf 75' lang='lat' dir='ltr'>careat,</span> 
     </span>
     <span class='ocr_line' id='line_1_14' title="bbox 157 1665 1068 1739; baseline -0.001 -20"><span class='ocrx_word' id='word_1_85' title='bbox 157 1667 295 1737; x_wconf 84' lang='lat' dir='ltr'><strong>requiret.</strong></span> <span class='ocrx_word' id='word_1_86' title='bbox 330 1666 383 1720; x_wconf 88' lang='lat' dir='ltr'>Sed</span> <span class='ocrx_word' id='word_1_87' title='bbox 403 1676 488 1720; x_wconf 88' lang='lat' dir='ltr'>erunt</span> <span class='ocrx_word' id='word_1_88' title='bbox 509 1665 628 1720; x_wconf 82' lang='lat' dir='ltr'>fortasse</span> <span class='ocrx_word' id='word_1_89' title='bbox 654 1665 804 1734; x_wconf 84' lang='lat' dir='ltr'>nonnulli,</span> <span class='ocrx_word' id='word_1_90' title='bbox 830 1668 881 1739; x_wconf 89' lang='lat' dir='ltr'>qui</span> <span class='ocrx_word' id='word_1_91' title='bbox 898 1667 994 1721; x_wconf 88' lang='lat' dir='ltr'>minus</span> <span class='ocrx_word' id='word_1_92' title='bbox 1012 1684 1068 1718; x_wconf 87' lang='lat' dir='ltr'>ne-</span> 
     </span>
     <span class='ocr_line' id='line_1_15' title="bbox 153 1728 1069 1807; baseline 0.002 -19"><span class='ocrx_word' id='word_1_93' title='bbox 153 1735 275 1789; x_wconf 77' lang='lat' dir='ltr'>cessario</span> <span class='ocrx_word' id='word_1_94' title='bbox 294 1728 349 1803; x_wconf 58' lang='grc' dir='ltr'>δῷ</span> <span class='ocrx_word' id='word_1_95' title='bbox 366 1735 475 1790; x_wconf 80' lang='lat' dir='ltr'>sactum</span> <span class='ocrx_word' id='word_1_96' title='bbox 497 1732 667 1789; x_wconf 77' lang='lat' dir='ltr'><strong>arbitraturi</strong></span> <span class='ocrx_word' id='word_1_97' title='bbox 688 1735 745 1789; x_wconf 84' lang='lat' dir='ltr'>sint</span> <span class='ocrx_word' id='word_1_98' title='bbox 766 1735 797 1789; x_wconf 90' lang='lat' dir='ltr'>in</span> <span class='ocrx_word' id='word_1_99' title='bbox 814 1735 982 1807; x_wconf 71' lang='grc' dir='ltr'><strong><em>παρέδωκεν.</em></strong></span> <span class='ocrx_word' id='word_1_100' title='bbox 1006 1735 1069 1790; x_wconf 88' lang='lat' dir='ltr'>Ra-</span> 
     </span>
     <span class='ocr_line' id='line_1_16' title="bbox 153 1804 1069 1879; baseline 0 -22"><span class='ocrx_word' id='word_1_101' title='bbox 153 1805 245 1857; x_wconf 77' lang='lat' dir='ltr'>tiones</span> <span class='ocrx_word' id='word_1_102' title='bbox 262 1804 351 1876; x_wconf 79' lang='lat' dir='ltr'>igitur</span> <span class='ocrx_word' id='word_1_103' title='bbox 368 1804 453 1860; x_wconf 86' lang='lat' dir='ltr'>semel</span> <span class='ocrx_word' id='word_1_104' title='bbox 470 1823 628 1877; x_wconf 81' lang='lat' dir='ltr'>exponam,</span> <span class='ocrx_word' id='word_1_105' title='bbox 650 1822 712 1858; x_wconf 91' lang='lat' dir='ltr'>nun</span> <span class='ocrx_word' id='word_1_106' title='bbox 735 1823 803 1859; x_wconf 81' lang='lat' dir='ltr'>uam</span> <span class='ocrx_word' id='word_1_107' title='bbox 824 1805 945 1879; x_wconf 84' lang='lat' dir='ltr'>posthac</span> <span class='ocrx_word' id='word_1_108' title='bbox 968 1805 1069 1859; x_wconf 86' lang='lat' dir='ltr'>moni-</span> 
     </span>
     <span class='ocr_line' id='line_1_17' title="bbox 155 1823 1068 1997; baseline 0 -71"><span class='ocrx_word' id='word_1_109' title='bbox 155 1883 249 1926; x_wconf 86' lang='lat' dir='ltr'>turus.</span> <span class='ocrx_word' id='word_1_110' title='bbox 282 1874 458 1997; x_wconf 60' lang='lat' dir='ltr'>Quanpuam</span> <span class='ocrx_word' id='word_1_111' title='bbox 485 1875 560 1928; x_wconf 88' lang='lat' dir='ltr'>enirn</span> <span class='ocrx_word' id='word_1_112' title='bbox 584 1892 667 1945; x_wconf 87' lang='lat' dir='ltr'>saepe</span> <span class='ocrx_word' id='word_1_113' title='bbox 689 1823 812 1945; x_wconf 78' lang='lat' dir='ltr'>syilabas</span> <span class='ocrx_word' id='word_1_114' title='bbox 835 1885 942 1929; x_wconf 85' lang='lat' dir='ltr'>natura</span> <span class='ocrx_word' id='word_1_115' title='bbox 967 1874 1068 1927; x_wconf 85' lang='lat' dir='ltr'>breves</span> 
     </span>
     <span class='ocr_line' id='line_1_18' title="bbox 151 1942 1069 2016; baseline 0 -22"><span class='ocrx_word' id='word_1_116' title='bbox 151 1942 294 2015; x_wconf 79' lang='lat' dir='ltr'>positione</span> <span class='ocrx_word' id='word_1_117' title='bbox 311 1961 366 2014; x_wconf 92' lang='lat' dir='ltr'>pro</span> <span class='ocrx_word' id='word_1_118' title='bbox 388 1953 478 1997; x_wconf 90' lang='lat' dir='ltr'>ucuut</span> <span class='ocrx_word' id='word_1_119' title='bbox 494 1942 624 2015; x_wconf 77' lang='lat' dir='ltr'>Tragici,</span> <span class='ocrx_word' id='word_1_120' title='bbox 640 1943 726 2014; x_wconf 86' lang='lat' dir='ltr'>longe</span> <span class='ocrx_word' id='word_1_121' title='bbox 743 1942 878 2015; x_wconf 63' lang='lat' dir='ltr'>libentius</span> <span class='ocrx_word' id='word_1_122' title='bbox 895 1944 1069 2016; x_wconf 79' lang='lat' dir='ltr'>corripiunt,</span> 
     </span>
     <span class='ocr_line' id='line_1_19' title="bbox 75 2011 1069 2089; baseline 0 -25"><span class='ocrx_word' id='word_1_123' title='bbox 75 2034 78 2041; x_wconf 88' lang='grc'><em>·</em></span> <span class='ocrx_word' id='word_1_124' title='bbox 154 2011 224 2065; x_wconf 84' lang='lat' dir='ltr'>adeo</span> <span class='ocrx_word' id='word_1_125' title='bbox 242 2021 276 2064; x_wconf 91' lang='lat' dir='ltr'>ut</span> <span class='ocrx_word' id='word_1_126' title='bbox 295 2013 353 2066; x_wconf 87' lang='lat' dir='ltr'>tria</span> <span class='ocrx_word' id='word_1_127' title='bbox 369 2031 463 2089; x_wconf 89' lang='lat' dir='ltr'>prope</span> <span class='ocrx_word' id='word_1_128' title='bbox 481 2011 609 2084; x_wconf 84' lang='lat' dir='ltr'>exempla</span> <span class='ocrx_word' id='word_1_129' title='bbox 628 2023 830 2085; x_wconf 78' lang='lat' dir='ltr'>correptorum</span> <span class='ocrx_word' id='word_1_130' title='bbox 852 2013 998 2078; x_wconf 83' lang='lat' dir='ltr'>invenias,</span> <span class='ocrx_word' id='word_1_131' title='bbox 1017 2011 1069 2064; x_wconf 88' lang='lat' dir='ltr'>ubi</span> 
     </span>
     <span class='ocr_line' id='line_1_20' title="bbox 152 2080 1069 2156; baseline 0.001 -24"><span class='ocrx_word' id='word_1_132' title='bbox 152 2097 245 2136; x_wconf 92' lang='lat' dir='ltr'>unum</span> <span class='ocrx_word' id='word_1_133' title='bbox 262 2080 349 2136; x_wconf 89' lang='lat' dir='ltr'>modo</span> <span class='ocrx_word' id='word_1_134' title='bbox 368 2092 456 2136; x_wconf 86' lang='lat' dir='ltr'>exstet</span> <span class='ocrx_word' id='word_1_135' title='bbox 472 2082 691 2154; x_wconf 75' lang='lat' dir='ltr'>producturum.</span> <span class='ocrx_word' id='word_1_136' title='bbox 727 2081 783 2136; x_wconf 89' lang='lat' dir='ltr'>Sed</span> <span class='ocrx_word' id='word_1_137' title='bbox 799 2082 854 2137; x_wconf 89' lang='lat' dir='ltr'>hoc</span> <span class='ocrx_word' id='word_1_138' title='bbox 869 2101 958 2156; x_wconf 81' lang='lat' dir='ltr'>genus</span> <span class='ocrx_word' id='word_1_139' title='bbox 975 2081 1069 2135; x_wconf 89' lang='lat' dir='ltr'>licen-</span> 
     </span>
     <span class='ocr_line' id='line_1_21' title="bbox 152 2150 1072 2223; baseline -0.001 -20"><span class='ocrx_word' id='word_1_140' title='bbox 152 2150 209 2204; x_wconf 80' lang='lat' dir='ltr'>tiae</span> <span class='ocrx_word' id='word_1_141' title='bbox 232 2151 263 2203; x_wconf 94' lang='lat' dir='ltr'>in</span> <span class='ocrx_word' id='word_1_142' title='bbox 293 2151 390 2204; x_wconf 88' lang='lat' dir='ltr'>verbis</span> <span class='ocrx_word' id='word_1_143' title='bbox 412 2151 517 2205; x_wconf 90' lang='lat' dir='ltr'>scilicet</span> <span class='ocrx_word' id='word_1_144' title='bbox 541 2169 603 2204; x_wconf 88' lang='lat' dir='ltr'>non</span> <span class='ocrx_word' id='word_1_145' title='bbox 629 2151 811 2223; x_wconf 85' lang='lat' dir='ltr'>compositis,</span> <span class='ocrx_word' id='word_1_146' title='bbox 835 2212 838 2219; x_wconf 33' lang='grc'>1</span> <span class='ocrx_word' id='word_1_147' title='bbox 864 2151 941 2205; x_wconf 86' lang='lat' dir='ltr'>ualia</span> <span class='ocrx_word' id='word_1_148' title='bbox 963 2157 1072 2216; x_wconf 74' lang='grc' dir='ltr'><strong><em>τέκνον,</em></strong></span> 
     </span>
     <span class='ocr_line' id='line_1_22' title="bbox 151 2170 1070 2293; baseline -0.004 -19"><span class='ocrx_word' id='word_1_149' title='bbox 151 2211 272 2288; x_wconf 67' lang='lat' dir='ltr'>aaronis,</span> <span class='ocrx_word' id='word_1_150' title='bbox 301 2221 401 2272; x_wconf 87' lang='lat' dir='ltr'>ceteris</span> <span class='ocrx_word' id='word_1_151' title='bbox 429 2219 513 2290; x_wconf 86' lang='lat' dir='ltr'>longe</span> <span class='ocrx_word' id='word_1_152' title='bbox 546 2219 724 2293; x_wconf 77' lang='lat' dir='ltr'>frequentius</span> <span class='ocrx_word' id='word_1_153' title='bbox 748 2229 798 2274; x_wconf 87' lang='lat' dir='ltr'>est.</span> <span class='ocrx_word' id='word_1_154' title='bbox 838 2170 943 2273; x_wconf 65' lang='lat' dir='ltr'>flarius</span> <span class='ocrx_word' id='word_1_155' title='bbox 974 2218 1070 2272; x_wconf 89' lang='lat' dir='ltr'>multo</span> 
     </span>
     <span class='ocr_line' id='line_1_23' title="bbox 152 2284 1069 2358; baseline -0.001 -18"><span class='ocrx_word' id='word_1_156' title='bbox 152 2284 263 2358; x_wconf 84' lang='lat' dir='ltr'>syllaba</span> <span class='ocrx_word' id='word_1_157' title='bbox 284 2287 458 2356; x_wconf 84' lang='lat' dir='ltr'>producitur</span> <span class='ocrx_word' id='word_1_158' title='bbox 481 2291 512 2338; x_wconf 84' lang='lat' dir='ltr'>in</span> <span class='ocrx_word' id='word_1_159' title='bbox 536 2286 626 2339; x_wconf 83' lang='lat' dir='ltr'>verbo</span> <span class='ocrx_word' id='word_1_160' title='bbox 657 2287 834 2356; x_wconf 89' lang='lat' dir='ltr'>composito,</span> <span class='ocrx_word' id='word_1_161' title='bbox 864 2288 888 2340; x_wconf 91' lang='lat' dir='ltr'>si</span> <span class='ocrx_word' id='word_1_162' title='bbox 916 2288 948 2340; x_wconf 93' lang='lat' dir='ltr'>in</span> <span class='ocrx_word' id='word_1_163' title='bbox 975 2289 1069 2358; x_wconf 89' lang='lat' dir='ltr'>ipsam</span> 
     </span>
     <span class='ocr_line' id='line_1_24' title="bbox 151 2349 1069 2427; baseline 0 -21"><span class='ocrx_word' id='word_1_164' title='bbox 151 2356 320 2427; x_wconf 82' lang='lat' dir='ltr'>juncturam</span> <span class='ocrx_word' id='word_1_165' title='bbox 338 2353 429 2419; x_wconf 76' lang='lat' dir='ltr'>cadit,</span> <span class='ocrx_word' id='word_1_166' title='bbox 446 2362 480 2405; x_wconf 92' lang='lat' dir='ltr'>ut</span> <span class='ocrx_word' id='word_1_167' title='bbox 496 2352 527 2405; x_wconf 85' lang='lat' dir='ltr'>in&#39;</span> <span class='ocrx_word' id='word_1_168' title='bbox 543 2349 710 2421; x_wconf 70' lang='grc' dir='ltr'><strong><em>πολύχρυσον</em></strong></span> <span class='ocrx_word' id='word_1_169' title='bbox 722 2352 812 2407; x_wconf 80' lang='lat' dir='ltr'>Andr.</span> <span class='ocrx_word' id='word_1_170' title='bbox 824 2371 850 2408; x_wconf 87' lang='lat'>2.</span> <span class='ocrx_word' id='word_1_171' title='bbox 868 2353 975 2408; x_wconf 83' lang='lat' dir='ltr'>Eadem</span> <span class='ocrx_word' id='word_1_172' title='bbox 995 2370 1069 2425; x_wconf 87' lang='lat' dir='ltr'>par-</span> 
     </span>
     <span class='ocr_line' id='line_1_25' title="bbox 153 2420 1071 2493; baseline 0.001 -15"><span class='ocrx_word' id='word_1_173' title='bbox 153 2423 277 2478; x_wconf 81' lang='lat' dir='ltr'>simonia</span> <span class='ocrx_word' id='word_1_174' title='bbox 293 2425 324 2489; x_wconf 81' lang='lat' dir='ltr'>iu</span> <span class='ocrx_word' id='word_1_175' title='bbox 343 2421 503 2493; x_wconf 78' lang='lat' dir='ltr'>augmentis</span> <span class='ocrx_word' id='word_1_176' title='bbox 525 2420 717 2493; x_wconf 87' lang='lat' dir='ltr'>producendis</span> <span class='ocrx_word' id='word_1_177' title='bbox 734 2429 874 2490; x_wconf 89' lang='lat' dir='ltr'>utuntur,</span> <span class='ocrx_word' id='word_1_178' title='bbox 902 2432 936 2476; x_wconf 92' lang='lat' dir='ltr'>ut</span> <span class='ocrx_word' id='word_1_179' title='bbox 953 2424 984 2476; x_wconf 89' lang='lat' dir='ltr'>iu</span> <span class='ocrx_word' id='word_1_180' title='bbox 1002 2424 1071 2479; x_wconf 76' lang='grc' dir='ltr'>ἐπέ-</span> 
     </span>
     <span class='ocr_line' id='line_1_26' title="bbox 152 2488 1069 2564; baseline -0.004 -16"><span class='ocrx_word' id='word_1_181' title='bbox 152 2494 258 2548; x_wconf 77' lang='grc' dir='ltr'><strong><em>ιιλοιοεν</em></strong></span> <span class='ocrx_word' id='word_1_182' title='bbox 281 2510 345 2564; x_wconf 87' lang='lat' dir='ltr'>sup.</span> <span class='ocrx_word' id='word_1_183' title='bbox 372 2509 413 2544; x_wconf 88' lang='lat'>12.</span> <span class='ocrx_word' id='word_1_184' title='bbox 435 2490 588 2547; x_wconf 70' lang='grc' dir='ltr'><strong><em>ιιιιιΓνθαι</em></strong></span> <span class='ocrx_word' id='word_1_185' title='bbox 605 2489 741 2562; x_wconf 86' lang='lat' dir='ltr'>Sophocl.</span> <span class='ocrx_word' id='word_1_186' title='bbox 759 2488 864 2548; x_wconf 88' lang='lat' dir='ltr'>Electr.</span> <span class='ocrx_word' id='word_1_187' title='bbox 882 2494 944 2549; x_wconf 81' lang='grc'><strong>566.</strong></span> <span class='ocrx_word' id='word_1_188' title='bbox 962 2492 1069 2545; x_wconf 81' lang='lat' dir='ltr'><strong>Rarior</strong></span> 
     </span>
     <span class='ocr_line' id='line_1_27' title="bbox 152 2513 1069 2633; baseline -0.001 -17"><span class='ocrx_word' id='word_1_189' title='bbox 152 2559 248 2616; x_wconf 83' lang='lat' dir='ltr'>adhuc</span> <span class='ocrx_word' id='word_1_190' title='bbox 270 2559 384 2615; x_wconf 87' lang='lat' dir='ltr'>licentia</span> <span class='ocrx_word' id='word_1_191' title='bbox 407 2513 534 2628; x_wconf 83' lang='lat' dir='ltr'>est,·ui›i</span> <span class='ocrx_word' id='word_1_192' title='bbox 558 2561 734 2632; x_wconf 82' lang='lat' dir='ltr'>praepositio</span> <span class='ocrx_word' id='word_1_193' title='bbox 759 2558 848 2614; x_wconf 83' lang='lat' dir='ltr'>verbo</span> <span class='ocrx_word' id='word_1_194' title='bbox 871 2561 1016 2633; x_wconf 76' lang='lat' dir='ltr'>jungitur,</span> <span class='ocrx_word' id='word_1_195' title='bbox 1034 2569 1069 2615; x_wconf 81' lang='lat' dir='ltr'>ut</span> 
     </span>
     <span class='ocr_line' id='line_1_28' title="bbox 151 2626 1112 2702; baseline -0.002 -17"><span class='ocrx_word' id='word_1_196' title='bbox 151 2630 184 2685; x_wconf 90' lang='lat' dir='ltr'>in</span> <span class='ocrx_word' id='word_1_197' title='bbox 200 2626 357 2702; x_wconf 69' lang='grc' dir='ltr'><strong><em>ἀπότροποι</em></strong></span> <span class='ocrx_word' id='word_1_198' title='bbox 377 2627 484 2684; x_wconf 88' lang='lat' dir='ltr'>Phoen.</span> <span class='ocrx_word' id='word_1_199' title='bbox 509 2634 570 2700; x_wconf 68' lang='lat'>595.</span> <span class='ocrx_word' id='word_1_200' title='bbox 600 2630 688 2698; x_wconf 79' lang='lat' dir='ltr'><strong>(ooo.)</strong></span> <span class='ocrx_word' id='word_1_201' title='bbox 724 2627 795 2697; x_wconf 77' lang='lat' dir='ltr'>sed,</span> <span class='ocrx_word' id='word_1_202' title='bbox 817 2630 869 2684; x_wconf 86' lang='lat' dir='ltr'>ubi</span> <span class='ocrx_word' id='word_1_203' title='bbox 890 2631 1012 2685; x_wconf 85' lang='lat' dir='ltr'>verbum</span> <span class='ocrx_word' id='word_1_204' title='bbox 1035 2631 1070 2683; x_wconf 63' lang='lat' dir='ltr'>in*</span> <span class='ocrx_word' id='word_1_205' title='bbox 1110 2645 1112 2649; x_wconf 79' lang='grc'>’</span> 
     </span>
     <span class='ocr_line' id='line_1_29' title="bbox 152 2697 1079 2770; baseline -0.001 -16"><span class='ocrx_word' id='word_1_206' title='bbox 152 2699 272 2755; x_wconf 80' lang='lat' dir='ltr'>brevem</span> <span class='ocrx_word' id='word_1_207' title='bbox 288 2697 417 2756; x_wconf 84' lang='lat' dir='ltr'>vocalem</span> <span class='ocrx_word' id='word_1_208' title='bbox 436 2699 552 2768; x_wconf 88' lang='lat' dir='ltr'>desiuit,</span> <span class='ocrx_word' id='word_1_209' title='bbox 578 2716 698 2770; x_wconf 83' lang='lat' dir='ltr'>eamque</span> <span class='ocrx_word' id='word_1_210' title='bbox 717 2699 789 2753; x_wconf 88' lang='lat' dir='ltr'>duae</span> <span class='ocrx_word' id='word_1_211' title='bbox 807 2710 996 2755; x_wconf 85' lang='lat' dir='ltr'>consonantes</span> <span class='ocrx_word' id='word_1_212' title='bbox 1014 2718 1079 2754; x_wconf 86' lang='lat' dir='ltr'>ex-·</span> 
     </span>
     <span class='ocr_line' id='line_1_30' title="bbox 83 2768 1068 2842; baseline -0.001 -19"><span class='ocrx_word' id='word_1_213' title='bbox 83 2777 90 2806; x_wconf 82' lang='grc'>·’</span> <span class='ocrx_word' id='word_1_214' title='bbox 152 2770 280 2842; x_wconf 87' lang='lat' dir='ltr'>cipiunt,</span> <span class='ocrx_word' id='word_1_215' title='bbox 310 2788 384 2841; x_wconf 82' lang='lat' dir='ltr'>quse</span> <span class='ocrx_word' id='word_1_216' title='bbox 412 2769 531 2822; x_wconf 88' lang='lat' dir='ltr'>brevem</span> <span class='ocrx_word' id='word_1_217' title='bbox 563 2785 680 2821; x_wconf 87' lang='lat' dir='ltr'>manere</span> <span class='ocrx_word' id='word_1_218' title='bbox 706 2770 870 2841; x_wconf 88' lang='lat' dir='ltr'>patiantur,</span> <span class='ocrx_word' id='word_1_219' title='bbox 900 2769 947 2823; x_wconf 82' lang='lat' dir='ltr'>vix</span> <span class='ocrx_word' id='word_1_220' title='bbox 982 2768 1068 2823; x_wconf 87' lang='lat' dir='ltr'>credo</span> 
     </span>
     <span class='ocr_line' id='line_1_31' title="bbox 152 2836 1089 2910; baseline -0.002 -18"><span class='ocrx_word' id='word_1_221' title='bbox 152 2837 281 2910; x_wconf 81' lang='lat' dir='ltr'>exempla</span> <span class='ocrx_word' id='word_1_222' title='bbox 300 2838 434 2892; x_wconf 88' lang='lat' dir='ltr'>indubiae</span> <span class='ocrx_word' id='word_1_223' title='bbox 451 2836 517 2895; x_wconf 84' lang='lat' dir='ltr'>fidei</span> <span class='ocrx_word' id='word_1_224' title='bbox 533 2837 657 2890; x_wconf 90' lang='lat' dir='ltr'>inveniri</span> <span class='ocrx_word' id='word_1_225' title='bbox 674 2856 771 2910; x_wconf 86' lang='lat' dir='ltr'>posse,</span> <span class='ocrx_word' id='word_1_226' title='bbox 788 2839 820 2892; x_wconf 89' lang='lat' dir='ltr'>in</span> <span class='ocrx_word' id='word_1_227' title='bbox 837 2838 942 2910; x_wconf 83' lang='lat' dir='ltr'>quihus</span> <span class='ocrx_word' id='word_1_228' title='bbox 959 2837 1089 2900; x_wconf 77' lang='lat' dir='ltr'>svllahs‘</span> 
     </span>
     <span class='ocr_line' id='line_1_32' title="bbox 151 2899 1126 2980; baseline -0.001 -20"><span class='ocrx_word' id='word_1_229' title='bbox 151 2908 207 2960; x_wconf 87' lang='lat' dir='ltr'>ista</span> <span class='ocrx_word' id='word_1_230' title='bbox 224 2905 413 2979; x_wconf 86' lang='lat' dir='ltr'>producatur.</span> <span class='ocrx_word' id='word_1_231' title='bbox 453 2907 571 2980; x_wconf 83' lang='lat' dir='ltr'>ineptus</span> <span class='ocrx_word' id='word_1_232' title='bbox 589 2915 673 2972; x_wconf 87' lang='lat' dir='ltr'>esset,</span> <span class='ocrx_word' id='word_1_233' title='bbox 698 2909 864 2980; x_wconf 88' lang='lat' dir='ltr'>quicunque</span> <span class='ocrx_word' id='word_1_234' title='bbox 882 2907 919 2961; x_wconf 81' lang='lat' dir='ltr'>ad</span> <span class='ocrx_word' id='word_1_235' title='bbox 936 2899 1019 2960; x_wconf 82' lang='lat' dir='ltr'><strong>MSS.</strong></span> <span class='ocrx_word' id='word_1_236' title='bbox 1037 2906 1068 2959; x_wconf 89' lang='lat' dir='ltr'>in</span> <span class='ocrx_word' id='word_1_237' title='bbox 1118 2936 1126 2951; x_wconf 54' lang='lat' dir='ltr'>s</span> 
     </span>
     <span class='ocr_line' id='line_1_33' title="bbox 151 2975 1068 3047; baseline 0.001 -19"><span class='ocrx_word' id='word_1_238' title='bbox 151 2976 204 3029; x_wconf 88' lang='lat' dir='ltr'>tali</span> <span class='ocrx_word' id='word_1_239' title='bbox 221 2994 304 3029; x_wconf 88' lang='lat' dir='ltr'>causa</span> <span class='ocrx_word' id='word_1_240' title='bbox 344 2986 510 3047; x_wconf 71' lang='lat' dir='ltr'>royocaret,</span> <span class='ocrx_word' id='word_1_241' title='bbox 534 2993 601 3030; x_wconf 89' lang='lat' dir='ltr'>cum</span> <span class='ocrx_word' id='word_1_242' title='bbox 624 2975 706 3030; x_wconf 88' lang='lat' dir='ltr'>nulla</span> <span class='ocrx_word' id='word_1_243' title='bbox 722 2978 758 3030; x_wconf 86' lang='lat' dir='ltr'>sit</span> <span class='ocrx_word' id='word_1_244' title='bbox 776 2995 878 3031; x_wconf 90' lang='lat' dir='ltr'>corum</span> <span class='ocrx_word' id='word_1_245' title='bbox 897 2976 1068 3029; x_wconf 86' lang='lat' dir='ltr'>auctoritas:</span> 
     </span>
     <span class='ocr_line' id='line_1_34' title="bbox 151 3038 1069 3117; baseline 0 -19"><span class='ocrx_word' id='word_1_246' title='bbox 151 3044 182 3098; x_wconf 89' lang='lat' dir='ltr'>id</span> <span class='ocrx_word' id='word_1_247' title='bbox 201 3042 296 3106; x_wconf 51' lang='lat' dir='ltr'>solum¹</span> <span class='ocrx_word' id='word_1_248' title='bbox 332 3063 460 3117; x_wconf 89' lang='lat' dir='ltr'>eprecor,</span> <span class='ocrx_word' id='word_1_249' title='bbox 477 3063 514 3098; x_wconf 93' lang='lat' dir='ltr'>ne</span> <span class='ocrx_word' id='word_1_250' title='bbox 529 3045 593 3116; x_wconf 89' lang='lat' dir='ltr'>quis</span> <span class='ocrx_word' id='word_1_251' title='bbox 611 3055 712 3099; x_wconf 87' lang='lat' dir='ltr'>contra</span> <span class='ocrx_word' id='word_1_252' title='bbox 731 3046 806 3101; x_wconf 87' lang='lat' dir='ltr'>hauc</span> <span class='ocrx_word' id='word_1_253' title='bbox 822 3044 953 3117; x_wconf 80' lang='lat' dir='ltr'>regulam</span> <span class='ocrx_word' id='word_1_254' title='bbox 966 3038 1069 3098; x_wconf 84' lang='lat' dir='ltr'>eor&#39;um</span> 
     </span>
    </p>
   </div>
   <div class='ocr_carea' id='block_1_6' title="bbox 152 3111 1162 3187">
    <p class='ocr_par' dir='ltr' id='par_1_11' title="bbox 152 3111 1162 3187">
     <span class='ocr_line' id='line_1_35' title="bbox 152 3111 1162 3187; baseline 0.001 -20"><span class='ocrx_word' id='word_1_255' title='bbox 152 3114 318 3167; x_wconf 80' lang='lat' dir='ltr'>testimonio</span> <span class='ocrx_word' id='word_1_256' title='bbox 341 3115 532 3179; x_wconf 36' lang='lat' dir='ltr'>abutatur&amp;</span> <span class='ocrx_word' id='word_1_257' title='bbox 563 3113 646 3167; x_wconf 88' lang='lat' dir='ltr'><strong>MSS.</strong></span> <span class='ocrx_word' id='word_1_258' title='bbox 671 3115 747 3169; x_wconf 89' lang='lat' dir='ltr'>enirn</span> <span class='ocrx_word' id='word_1_259' title='bbox 771 3134 864 3187; x_wconf 89' lang='lat' dir='ltr'>neque</span> <span class='ocrx_word' id='word_1_260' title='bbox 889 3113 960 3166; x_wconf 87' lang='lat' dir='ltr'>alter</span> <span class='ocrx_word' id='word_1_261' title='bbox 986 3111 1068 3167; x_wconf 86' lang='lat' dir='ltr'>alteri</span> <span class='ocrx_word' id='word_1_262' title='bbox 1129 3112 1162 3185; x_wconf 45' lang='lat' dir='ltr'>,J</span> 
     </span>
    </p>
   </div>
   <div class='ocr_carea' id='block_1_7' title="bbox 152 3181 1069 3394">
    <p class='ocr_par' dir='ltr' id='par_1_12' title="bbox 152 3181 1069 3394">
     <span class='ocr_line' id='line_1_36' title="bbox 154 3181 1069 3256; baseline 0.001 -21"><span class='ocrx_word' id='word_1_263' title='bbox 154 3181 350 3248; x_wconf 83' lang='lat' dir='ltr'>consentiunt,</span> <span class='ocrx_word' id='word_1_264' title='bbox 378 3200 470 3255; x_wconf 88' lang='lat' dir='ltr'>neque</span> <span class='ocrx_word' id='word_1_265' title='bbox 487 3183 562 3237; x_wconf 90' lang='lat' dir='ltr'>idern</span> <span class='ocrx_word' id='word_1_266' title='bbox 579 3183 642 3239; x_wconf 88' lang='lat' dir='ltr'>MS.</span> <span class='ocrx_word' id='word_1_267' title='bbox 661 3184 714 3236; x_wconf 90' lang='lat' dir='ltr'>sibi</span> <span class='ocrx_word' id='word_1_268' title='bbox 731 3186 791 3256; x_wconf 85' lang='lat' dir='ltr'>ipse</span> <span class='ocrx_word' id='word_1_269' title='bbox 809 3201 862 3256; x_wconf 89' lang='lat' dir='ltr'>per</span> <span class='ocrx_word' id='word_1_270' title='bbox 879 3183 976 3236; x_wconf 85' lang='lat' dir='ltr'>omnia</span> <span class='ocrx_word' id='word_1_271' title='bbox 994 3201 1069 3236; x_wconf 88' lang='lat' dir='ltr'>con-</span> 
     </span>
     <span class='ocr_line' id='line_1_37' title="bbox 152 3250 1068 3324; baseline 0 -18"><span class='ocrx_word' id='word_1_272' title='bbox 152 3261 217 3306; x_wconf 91' lang='lat' dir='ltr'>stat.</span> <span class='ocrx_word' id='word_1_273' title='bbox 253 3250 340 3321; x_wconf 86' lang='lat' dir='ltr'>Quod</span> <span class='ocrx_word' id='word_1_274' title='bbox 358 3251 380 3303; x_wconf 93' lang='lat' dir='ltr'>si</span> <span class='ocrx_word' id='word_1_275' title='bbox 398 3271 445 3316; x_wconf 87' lang='lat' dir='ltr'>ea,</span> <span class='ocrx_word' id='word_1_276' title='bbox 492 3271 544 3306; x_wconf 81' lang='lat' dir='ltr'>nee</span> <span class='ocrx_word' id='word_1_277' title='bbox 561 3251 719 3324; x_wconf 83' lang='lat' dir='ltr'>disputavi,</span> <span class='ocrx_word' id='word_1_278' title='bbox 745 3271 813 3306; x_wconf 90' lang='lat' dir='ltr'>vera</span> <span class='ocrx_word' id='word_1_279' title='bbox 837 3261 919 3317; x_wconf 88' lang='lat' dir='ltr'>sunt,</span> <span class='ocrx_word' id='word_1_280' title='bbox 946 3251 1068 3324; x_wconf 90' lang='lat' dir='ltr'>plnum</span> 
     </span>
     <span class='ocr_line' id='line_1_38' title="bbox 153 3270 1051 3394; baseline 0.001 -18"><span class='ocrx_word' id='word_1_281' title='bbox 153 3329 209 3394; x_wconf 82' lang='lat' dir='ltr'>est,</span> <span class='ocrx_word' id='word_1_282' title='bbox 225 3321 257 3375; x_wconf 89' lang='lat' dir='ltr'>in</span> <span class='ocrx_word' id='word_1_283' title='bbox 274 3318 333 3374; x_wconf 85' lang='lat' dir='ltr'>fine</span> <span class='ocrx_word' id='word_1_284' title='bbox 351 3321 428 3376; x_wconf 88' lang='lat' dir='ltr'>vocis</span> <span class='ocrx_word' id='word_1_285' title='bbox 442 3270 602 3376; x_wconf 62' lang='lat' dir='ltr'>addendum</span> <span class='ocrx_word' id='word_1_286' title='bbox 619 3338 677 3376; x_wconf 84' lang='lat' dir='ltr'>esse</span> <span class='ocrx_word' id='word_1_287' title='bbox 693 3321 820 3390; x_wconf 86' lang='lat' dir='ltr'>literam,</span> <span class='ocrx_word' id='word_1_288' title='bbox 839 3339 927 3394; x_wconf 84' lang='lat' dir='ltr'>quem</span> <span class='ocrx_word' id='word_1_289' title='bbox 945 3272 1051 3377; x_wconf 82' lang='lat' dir='ltr'>addidi.</span> 
     </span>
    </p>
   </div>
   <div class='ocr_carea' id='block_1_8' title="bbox 82 3503 1070 3735">
    <p class='ocr_par' dir='ltr' id='par_1_13' title="bbox 82 3503 1070 3735">
     <span class='ocr_line' id='line_1_39' title="bbox 190 3503 1068 3603; baseline -0.008 -25"><span class='ocrx_word' id='word_1_290' title='bbox 190 3503 227 3594; x_wconf 54' lang='lat' dir='ltr'>[il</span> <span class='ocrx_word' id='word_1_291' title='bbox 248 3522 364 3577; x_wconf 84' lang='lat' dir='ltr'>Abusus</span> <span class='ocrx_word' id='word_1_292' title='bbox 387 3520 501 3576; x_wconf 85' lang='lat' dir='ltr'>videtur</span> <span class='ocrx_word' id='word_1_293' title='bbox 524 3520 690 3603; x_wconf 44' lang='lat' dir='ltr'>Lobeclrius&#39;</span> <span class='ocrx_word' id='word_1_294' title='bbox 707 3519 742 3574; x_wconf 84' lang='lat' dir='ltr'>ad</span> <span class='ocrx_word' id='word_1_295' title='bbox 766 3518 903 3596; x_wconf 87' lang='lat' dir='ltr'>Sophocl.</span> <span class='ocrx_word' id='word_1_296' title='bbox 925 3519 972 3589; x_wconf 79' lang='lat' dir='ltr'>Aj.</span> <span class='ocrx_word' id='word_1_297' title='bbox 993 3521 1068 3574; x_wconf 77' lang='lat'>1114.</span> 
     </span>
     <span class='ocr_line' id='line_1_40' title="bbox 82 3588 1070 3664; baseline -0.01 -16"><span class='ocrx_word' id='word_1_298' title='bbox 82 3604 85 3610; x_wconf 82' lang='grc'>’</span> <span class='ocrx_word' id='word_1_299' title='bbox 123 3622 124 3627; x_wconf 63' lang='lat'><em>=</em></span> <span class='ocrx_word' id='word_1_300' title='bbox 222 3592 277 3646; x_wconf 88' lang='lat' dir='ltr'>Sed</span> <span class='ocrx_word' id='word_1_301' title='bbox 294 3593 325 3645; x_wconf 92' lang='lat' dir='ltr'>in</span> <span class='ocrx_word' id='word_1_302' title='bbox 345 3593 388 3655; x_wconf 85' lang='lat' dir='ltr'>iis,</span> <span class='ocrx_word' id='word_1_303' title='bbox 407 3610 481 3664; x_wconf 87' lang='lat' dir='ltr'>quae</span> <span class='ocrx_word' id='word_1_304' title='bbox 497 3592 572 3646; x_wconf 87' lang='lat' dir='ltr'>idern</span> <span class='ocrx_word' id='word_1_305' title='bbox 590 3599 705 3645; x_wconf 76' lang='lat' dir='ltr'>monuit</span> <span class='ocrx_word' id='word_1_306' title='bbox 722 3590 757 3644; x_wconf 83' lang='lat' dir='ltr'>ud</span> <span class='ocrx_word' id='word_1_307' title='bbox 778 3608 806 3645; x_wconf 84' lang='lat' dir='ltr'>v.</span> <span class='ocrx_word' id='word_1_308' title='bbox 826 3611 910 3660; x_wconf 79' lang='lat'>1109·,</span> <span class='ocrx_word' id='word_1_309' title='bbox 928 3588 1070 3643; x_wconf 83' lang='lat' dir='ltr'>nonnulla</span> 
     </span>
     <span class='ocr_line' id='line_1_41' title="bbox 223 3660 903 3735; baseline 0 -20"><span class='ocrx_word' id='word_1_310' title='bbox 223 3661 309 3735; x_wconf 80' lang='lat' dir='ltr'>digua</span> <span class='ocrx_word' id='word_1_311' title='bbox 327 3672 411 3734; x_wconf 64' lang='lat' dir='ltr'>sunt,</span> <span class='ocrx_word' id='word_1_312' title='bbox 426 3679 500 3735; x_wconf 81' lang='lat' dir='ltr'>quae</span> <span class='ocrx_word' id='word_1_313' title='bbox 517 3660 725 3734; x_wconf 84' lang='lat' dir='ltr'>expendantur.</span> <span class='ocrx_word' id='word_1_314' title='bbox 760 3665 794 3714; x_wconf 76' lang='lat'>0.</span> <span class='ocrx_word' id='word_1_315' title='bbox 808 3664 846 3714; x_wconf 87' lang='grc' dir='ltr'>Η.</span> <span class='ocrx_word' id='word_1_316' title='bbox 861 3663 903 3727; x_wconf 76' lang='grc'>8.]</span> 
     </span>
    </p>
   </div>
   <div class='ocr_carea' id='block_1_9' title="bbox 639 3757 809 3840">
    <p class='ocr_par' dir='ltr' id='par_1_14' title="bbox 639 3757 809 3878">
     <span class='ocr_line' id='line_1_42' title="bbox 639 3757 809 3840; baseline 0 -7"><span class='ocrx_word' id='word_1_317' title='bbox 639 3757 809 3840; x_wconf 75' lang='lat' dir='ltr'>‚Bo</span> 
     </span>
    </p>
   </div>
   <div class='ocr_carea' id='block_1_10' title="bbox 0 0 1232 4296">
    <p class='ocr_par' dir='ltr' id='par_1_15' title="bbox 0 0 1232 4296">
     <span class='ocr_line' id='line_1_43' title="bbox 0 0 1232 4296; baseline 0 1"><span class='ocrx_word' id='word_1_318' title='bbox 0 0 1232 4296; x_wconf 95' lang='lat' dir='ltr'> </span> 
     </span>
    </p>
   </div>
  </div>
 </body>
</html>
