2454 4296
196 295 259 359 104
359 348 362 355 .
448 286 876 354 ΕΥΡΙΠΙΔΟΥ

198 462 266 521 ΟΡ.
289 458 359 534 σοί,
387 448 487 541 πάτερ
494 503 505 534 ,
533 449 671 542 ὀρύγων.
721 461 799 521 ΗΛ.
829 448 897 519 ov'd'
924 446 987 536 3703
1007 451 1110 537 πρού-

759 535 841 605 δωκά
868 563 915 604 σε.
1025 540 1109 619 ι255

198 632 273 691 ΠΥ.
296 623 410 693 οὔκουν
431 623 534 706 ὀνείδη
563 622 637 693 τάδε
657 622 759 691 κλύων
781 622 871 711 ῥύσει
889 626 1002 700 τίκνας

198 721 268 779 ΟΡ.
288 707 438 796 (innodate
447 716 646 779 κατασπένδω
662 707 699 776 α’.
720 720 800 779 ΗΛ.
811 707 869 792 e’yoi
885 706 911 775 δ’
926 712 1056 775 οἴκτοισί
1063 736 1110 796 γε.

198 805 273 864 ΠΥ.
294 797 479 877 παύσασθε,
509 804 563 864 καί
590 793 670 883 πρύς
691 797 782 880 ἔργον
803 793 1023 882 ἐξορμώμεθα·
1068 816 1076 829 ‘

199 888 285 966 εἴπερ
306 879 366 968 peip
390 887 462 949 εἵσω
483 885 540 968 γῆς
560 879 751 955 σῖκοντίζσυσ’
771 879 860 965 doci,
918 938 922 943 .

199 966 298 1035 κλύει·
322 971 362 1034 σύ
379 967 415 1040 δ’,
437 965 464 1033 σί
482 967 549 1034 Ζεῦ
562 965 696 1053 πρόγονε
711 971 763 1032 καί
776 974 879 1046 Aiane
891 968 997 1054 σέβας,
1031 967 1113 1035 1240

200 1051 264 1122 δότ’
285 1052 457 1138 εὐτυχῆσαι
476 1050 548 1138 τῷδ’
576 1057 645 1133 ἐμοί
666 1077 698 1118 τε
720 1054 795 1142 τῇδέ
813 1077 859 1119 τε·

201 1143 339 1224 τρισσοῖς
361 1145 459 1220 φίλοις
479 1138 540 1224 yolo
563 1136 606 1214 είξ·
627 1134 732 1224 dyeia,
759 1143 828 1219 δίκη
849 1141 917 1225 μία,

199 1226 222 1305 ai
243 1227 298 1312 ζῇν
317 1221 453 1306 ἅπασιν,
473 1227 495 1306 ἢ
516 1229 627 1292 θανεῖν
648 1221 817 1310 ὀφείλεται.

105 1404 109 1413 ’
201 1402 280 1462 HA.
302 1399 482 1474 Μυκηνίδες
503 1391 529 1460 oi
550 1399 653 1488 φίλαι,
980 1386 1117 1475 σιροφῆ.

190 1478 240 1571 ,ῒᾶ
261 1483 370 1584 προῖκα
391 1479 473 1550 uacci
494 1478 659 1571 Helaoydv
681 1486 750 1560 ἕδος
768 1478 933 1570 Ἀργείων.
1031 1478 1116 1541 1245

832 1652 845 1682 Ι

203 1718 253 1790 qui
272 1719 390 1773 ultimus
412 1737 511 1774 versus
534 1722 574 1774 ita
596 1720 701 1794 legitur
718 1720 750 1774 in
767 1720 912 1793 plerisque
928 1714 1117 1771 editionibus=

202 1786 273 1856 'Eyol
296 1787 325 1843 tt
347 1787 370 1843 ‘c'
397 1789 481 1852 ι’ξελιύ
499 1810 528 1844 σε
551 1789 586 1862 σῇ
608 1791 684 1862 παγῇ
700 1788 805 1857 θύραζε
824 1787 919 1859 κύβδα.
952 1783 1118 1839 Brunckius

202 1856 286 1907 tacite
302 1855 326 1928 γ’
350 1855 438 1910 edidit
459 1874 515 1927 pro
542 1856 574 1922 c¹,
592 1877 625 1909 ex
643 1858 817 1911 membranis
833 1859 883 1912 αἰ
899 1855 989 1922 πυγῆς
1005 1873 1060 1925 pro
1082 1849 1121 1925 τῇ

203 1923 279 1994 παγῇ
284 1963 291 1990 ,
310 1923 416 2006 quibus
433 1925 559 1977 concinit
576 1925 637 1978 MS.
655 1926 814 1980 Ravennae.
852 1881 942 1977 ltecte
961 1932 1046 2006 atque
1063 1940 1121 1973 or·-
1171 1960 1178 1972 ,

204 1992 279 2044 dine.
314 1991 368 2044 Sed
393 2011 424 2044 ex
449 1993 502 2044 isto
535 1992 597 2045 MS.
621 1992 785 2045 Ravennate
814 1991 845 2043 in
870 2000 979 2043 textum
1009 1987 1074 2061 Eyoi
1093 1986 1120 2042 δ’

203 2060 331 2130 ἐξελέγξαι
359 2082 388 2114 σε
411 2063 460 2129 τῆς
485 2062 571 2132 πυγῆς
602 2060 707 2131 θύραζε
729 2059 819 2131 κύβδα
848 2058 947 2111 intulit
975 2056 1119 2111 editorum

205 2129 274 2193 flos,
292 2129 444 2201 Philippus
471 2129 662 2194 invernizius‚
688 2131 796 2183 nescias
818 2128 939 2182 metrine
962 2144 1000 2180 an
1019 2142 1119 2179 seusus
1148 2139 1153 2149 ·

204 2201 313 2267 majore
325 2199 492 2253 commodo.
526 2199 707 2269 Quantillum
726 2209 798 2265 erat,
817 2199 840 2251 si
858 2197 945 2250 codex
962 2195 1010 2248 ille
1031 2213 1122 2266 prae-

204 2268 393 2322 stantissimus
414 2269 445 2320 in
470 2268 525 2319 viri
550 2268 594 2320 vel
620 2267 802 2321 mediocriter
828 2267 904 2319 docti
922 2283 1026 2317 manus
1041 2264 1120 2318 inci-

205 2337 302 2402 disset,
321 2356 354 2393 ex
372 2338 473 2390 vitiosa
489 2337 617 2402 lectione,
635 2337 734 2391 iisdem
752 2338 840 2390 literis
856 2334 1047 2397 manentibus,
1066 2351 1121 2384 ve-

203 2425 269 2460 ram
282 2406 415 2472 elicuisse,
424 2411 719 2465 ΕΓΩΔΕΓΕΞΕΛΞΩ
726 2428 754 2461 σε
761 2406 900 2474 τῆιπνγῆς
911 2399 1122 2472 θύραζεκύβίσ.

205 2475 241 2527 ln
271 2477 391 2545 gratiam
417 2486 511 2528 autem
535 2475 663 2527 tironum
688 2476 795 2527 erroris
819 2474 958 2544 originem
992 2471 1122 2524 breviter

206 2544 363 2596 ostendam.
391 2544 550 2612 Scripserat
580 2544 664 2613 prior
695 2541 846 2608 librarius,
873 2538 1123 2599 ΕΠΜΕΞΕΛΞΩ

205 2613 237 2663 iu
257 2621 350 2674 textu,
370 2610 472 2663 deinde
494 2611 525 2663 in
549 2612 678 2682 margine
696 2611 766 2664 duas
784 2611 879 2662 literas
901 2614 954 2662 ΕΓ
971 2626 1124 2678 reponen-

208 2679 259 2732 das
276 2679 396 2731 notavit.
429 2679 531 2732 Postea
544 2679 624 2732 *alter
640 2679 734 2731 scriba
756 2679 862 2750 prioris
878 2677 989 2729 monito
1008 2692 1123 2732 morem

199 2757 339 2820 gesturus
357 2756 431 2814 erat,
455 2748 503 2802 sed
529 2767 586 2818 qua
609 2749 641 2800 in
667 2756 749 2817 parte
772 2755 864 2798 textus
890 2762 935 2797 eas
957 2754 1124 2814 reponeret,

207 2826 308 2888 utpote
332 2834 363 2869 ex
387 2833 420 2867 eo
444 2815 498 2869 luti
521 2835 623 2888 genere
646 2814 744 2884 fictus,
780 2828 813 2870 cx
842 2831 900 2886 quo
934 2810 1124 2884 Invernizlus,

208 2886 294 2958 plane
318 2884 469 2939 nesciebat.

264 2989 338 3040 1236.
355 2982 451 3040 σύκσύν
476 2994 503 3038 et
527 2985 609 3053 ῥύσαι
632 2979 697 3041 ΑΙιί.
724 2995 752 3039 ct
767 2983 898 3058 plerique
914 2983 1033 3036 codices.
1067 2981 1124 3037 Sed

209 3052 277 3128 ῥύσῃ
297 3074 329 3108 cx
346 3054 468 3108 membr.
485 3055 571 3108 edidit
588 3055 761 3108 Brunckius.

265 3159 339 3210 1241.
364 3156 525 3208 Fluctuant'·
541 3156 623 3210 MSS.
646 3156 721 3208 inter
746 3151 800 3209 δότ’
818 3162 845 3206 et
868 3149 921 3208 ύύσ.
958 3153 1124 3223 Utrumque

208 3221 295 3274 habet
319 3225 352 3275 R.
372 3225 475 3278 Melius
491 3220 555 3294 δότ’,
573 3237 605 3280 ut
617 3225 709 3280 Aldus
727 3233 754 3279 et
770 3223 867 3296 plures
886 3222 968 3278 MSS.
986 3222 1049 3279 δότε
1065 3240 1122 3294 pro

212 3310 241 3344 v.
260 3291 279 3344 l.
299 3292 379 3346 Cant.
398 3296 480 3348 etsie
499 3296 540 3348 M.
682 3294 684 3298 ’

267 3392 341 3443 1245.
359 3392 446 3446 Hunc
460 3413 575 3449 versum
595 3393 672 3459 dedi,
696 3403 729 3448 ut
750 3394 782 3448 in
806 3393 912 3455 Aldina
936 3402 963 3446 et
979 3390 1123 3463 plerisque
1154 3440 1157 3447 .

210 3458 357 3513 codicibus
375 3472 471 3516 exstat.
504 3463 635 3536 Ἀργείων
653 3462 712 3520 idos
729 3466 869 3535 proponit
886 3460 1076 3532 Musgravius,
1095 3467 1124 3511 et

210 3530 242 3581 in
260 3529 464 3601 antistrophico
487 3531 569 3600 κόρας
595 3529 704 3587 decidere
730 3541 757 3604 β.
775 3530 867 3605 πάντῃ
887 3528 941 3586 dmi.
975 3527 1028 3581 Sed
1039 3526 1123 3580 lectio

210 3598 291 3662 Aldi,
316 3617 403 3669 quam
425 3601 546 3669 retinui,
569 3621 635 3656 cum
660 3601 800 3656 levissima
830 3603 963 3656 varietate
985 3596 1016 3648 in
1039 3595 1122 3649 MSS.

212 3667 344 3724 habetur.
357 3668 498 3740 Dactylus
515 3672 617 3744 λασγόν
631 3672 647 3728 ἕ
662 3683 815 3747 anapaesto
833 3669 880 3728 daci
897 3677 949 3742 βσσ
962 3664 1123 3738 respondet.
