2454 4296
393 325 742 425 orirerur.
793 320 867 387 408.
933 308 944 353 '·
1037 322 1102 414 45·

176 502 245 561 ΟΡ.
266 493 342 571 ἔδοξ’
363 492 439 556 ἰδεῖν
460 490 543 574 speie
560 491 653 587 γυκτῖ
674 494 860 574 προσφερεῖς
887 489 994 576 κόρας.

171 589 249 647 ΜΕ.
262 575 328 645 οἶδ’
349 576 389 654 αῖς
408 577 529 650 ἔλεξας,
551 570 704 654 ονομαῖααι
724 571 751 639 δ’
773 575 811 640 ού
830 575 992 664 βούλομαι.

172 675 242 732 ΟΡ.
264 669 373 748 σεμναὶ
391 660 471 748 γάρ·
495 655 685 725 εὐπαίδευτα
706 656 733 724 δ’
753 658 922 746 οἷποτρὲπει
951 671 1058 753 λέγειν.
1159 684 1160 687 ’

169 761 245 816 ΜΕ.
274 750 370 818 αὗταί
395 773 430 813 σε
449 742 640 832 βακχεύουσι
669 752 811 830 συγγενεῖ
828 746 933 832 piam
1014 754 1078 821 405

170 846 241 905 ΟΡ.
256 842 344 920 οἴμαι
365 832 520 916 διωγμῶν,
550 834 596 906 οἷς
623 828 792 915 ἐλαύνομαι
811 833 917 907 πύλας.

168 935 246 991 ME.
271 920 310 988 ου’
333 917 435 998 deinoi,
463 915 594 1004 πάσχειν
617 913 703 982 deinoi
723 916 807 994 ,σούς
829 919 1058 1007 εἰργασμένους.

169 1019 241 1075 ΟΡ.
264 1004 331 1071 αλλ’
351 1009 433 1071 ἐστὶν
454 1003 527 1088 ἡμῖν
547 1001 692 1086 αῖναφοραῖ
716 1007 773 1083 τῆς
791 1008 953 1091 ξυμφοραῖς
972 1038 1017 1054 ·-
1081 1060 1087 1071 .

169 1103 247 1160 ΜΕ.
269 1088 313 1175 μή
333 1089 474 1157 θάνατον
488 1095 588 1180 εἴπῃς·
610 1092 702 1155 τούτο
726 1097 781 1172 μὲν
802 1089 863 1175 γαῖρ
886 1089 925 1157 ου’
947 1087 1057 1174 σοφόν.

172 1189 241 1247 ΟΡ.
265 1182 379 1262 Φοῖβος
401 1173 546 1250 κελεύσας
565 1172 684 1259 μητρὸς
702 1178 858 1261 ε’κπραῖξαι
878 1175 985 1259 φόνον.
1015 1184 1079 1241 410

170 1276 259 1335 ME.
279 1258 494 1347 αἷμαθέστερός
521 1260 548 1346 γ’
571 1260 615 1328 oia
636 1261 693 1325 τού
713 1265 812 1328 καλοῦ
832 1268 885 1328 καὶ
905 1265 961 1341 τῆς
982 1266 1077 1341 δῖκης.

171 1359 242 1420 ΟΡ.
262 1348 453 1436 δουλεύομεν
474 1351 582 1430 θεοῖς,
610 1342 672 1430 ὄπι
691 1345 861 1417 ποτ’·εἰοῖν
880 1357 913 1416 αἱ
932 1353 1014 1418 θεαὶ.
1109 1353 1113 1363 ’

218 1608 279 1660 404.
297 1597 449 1660 ἀπαίδευτα
472 1600 495 1657 d'
520 1600 679 1673 daorolrtav
702 1597 769 1656 Ald.
794 1612 821 1655 et
842 1599 973 1687 plerique
996 1600 1078 1659 MSS.

167 1676 253 1744 σεμναὶ
272 1675 309 1726 Η.
329 1683 355 1726 et
373 1668 538 1726 ἐπαίδευσαν
550 1673 586 1725 Κ.
606 1672 697 1726 adhue
711 1673 886 1744 corruptius.
904 1669 1077 1733 aeneidem,

167 1755 202 1799 ut
218 1743 338 1812 conjecit
355 1741 554 1809 Musgravius,
579 1741 664 1795 habet
686 1741 781 1813 Mosq.
806 1743 841 1795 D.
857 1739 1001 1814 ἀποτρέπῃ
1021 1759 1077 1812 pro

167 1810 325 1881 ἀποτρέπου
363 1819 439 1862 recte
468 1809 544 1864 idem
574 1810 768 1882 Musgravius.
798 1810 923 1864 Atticam
952 1810 1077 1863 sormam

167 1876 317 1949 draccoleno
339 1877 424 1931 hahet
446 1896 463 1931 a
487 1898 532 1952 pr.
554 1899 593 1933 m.
617 1881 649 1934 E.
683 1878 717 1932 In
742 1881 812 1932 Hec.
836 1884 897 1949 417.
917 1880 1002 1948 (413.)
1020 1897 1076 1951 pro

169 1948 249 2018 δὲγαυ
272 1949 376 2003 habent
400 1947 465 2021 δέχῃ
495 1953 528 2002 Α.
551 1949 589 2002 l).
614 1950 654 2003 H.
678 1947 871 2003 R.*Eumath.
897 1947 922 2004 δ’
943 1950 998 2016 ἔχει
1021 1965 1077 2020 pro

166 2036 229 2072 var.
253 2018 314 2072 lect.
337 2019 375 2071 H.
399 2013 424 2070 τ’
449 2019 503 2085 ἔχει
529 2017 560 2071 C.
586 2018 662 2072 unde
689 2016 713 2071 si
736 2019 801 2090 quis
830 2016 903 2089 δέγεν
924 2016 1078 2090 praeferat,

151 2106 227 2142 -non
243 2104 418 2160 magnopere
439 2087 620 2140 contendam.
687 2126 690 2130 -

144 2252 159 2269 „
217 2207 280 2260 406.
304 2203 344 2261 οἷς
366 2197 390 2274 γ’
414 2201 481 2258 Ald.
504 2204 546 2261 οἷς
568 2204 666 2276 plures
689 2201 773 2255 MSS.
819 2200 928 2256 Contra
950 2201 1026 2257 idem
1048 2224 1081 2276 γε

166 2288 234 2324 mox
258 2276 319 2325 411.
345 2271 420 2324 male
442 2273 561 2338 omittit,
585 2281 619 2322 ut
641 2281 668 2323 et
695 2271 826 2322 Clemens
855 2269 937 2323 Alex.
961 2271 1081 2325 Cohort.

168 2359 198 2412 p.
218 2340 262 2394 65.

203 2440 296 2509 Ι[408.
314 2435 440 2504 αῖναφαραί
457 2457 474 2489 τ
494 2455 506 2493 a
527 2436 579 2505 ξυμ
602 2434 667 2504 epeia
682 2432 816 2506 ambigue
836 2433 960 2503 dietum,
977 2433 1078 2490 aliter-

168 2526 224 2590 que
242 2501 379 2560 intellexit
395 2458 550 2570 Menelaus,
570 2457 652 2557 aliter
669 2505 729 2577 ipse
743 2505 865 2569 Orestes,
884 2503 930 2558 hic
947 2505 984 2559 de
1000 2504 1079 2560 rela-

165 2587 245 2630 tione
262 2576 297 2628 ad
314 2573 404 2628 alium
422 2593 443 2627 s.
463 2574 496 2626 de
513 2575 632 2628 crimine
649 2575 886 2627 communicando
905 2594 970 2629 cum
982 2574 1077 2648 Apol-

167 2647 240 2710 line,
259 2645 307 2698 ille
332 2644 366 2697 de
393 2643 461 2698 mali
480 2643 633 2708 levatione,
652 2662 740 2715 quam
757 2643 869 2712 Orestes
885 2643 940 2716 ipsi
958 2643 1078 2699 videba-

165 2726 215 2769 tur
235 2712 392 2783 αὐτοχειρία
414 2713 580 2777 moliturum
604 2721 783 2785 quapropter
807 2708 874 2766 dicit
891 2713 931 2782 μή
950 2712 1094 2771 θάνατον.

167 2789 253 2856 εἴπῃς.
271 2779 418 2853 αἰναφέριιν
434 2793 462 2835 et
479 2775 605 2855 α’ναφαραῖ
630 2779 684 2836 hoc
708 2800 791 2834 sensu
832 2783 914 2836 assim
932 2781 1078 2853 leguntur.

168 2852 253 2922 Quod
272 2863 366 2906 autem
384 2851 496 2905 Orestes
512 2851 582 2903 dixit
598 2849 724 2919 α’ναφοραῖ
741 2851 789 2918 τῆς
801 2801 955 2932 Ιξυμμγσυιῖι,
971 2870 1031 2904 non
1049 2851 1078 2907 ai.
1158 2897 1162 2907 .

167 2921 198 2976 ἐν
213 2942 238 2974 τ.
255 2921 295 2986 ξ.,
312 2939 372 2973 non
384 2923 459 2982 tanti
466 2930 515 2986 est,
533 2930 573 2978 ut¹
583 2919 714 2973 Menelao
728 2938 821 2972 omnis
839 2919 954 2974 errandi
967 2921 1077 2973 occasio
1167 2930 1169 2934 “

167 2989 293 3061 praecidi
311 2989 448 3051 debuerit,
466 2989 606 3061 siquidem
626 3006 694 3060 usus
711 2989 835 3059 genitivi,
853 2989 986 3060 inprimis
999 2989 1076 3060 apud

168 3064 283 3130 poetas,
314 3057 447 3112 latissime
473 3067 560 3130 patet.
589 3057 672 3111 Conf.
702 3076 730 3111 v.
754 3063 815 3112 442.
832 3087 867 3098 -·
888 3058 940 3110 His
959 3058 1077 3128 scriptis

167 3125 342 3199 perlibenter
359 3127 433 3191 vidi,
459 3126 576 3179 eandem
595 3125 666 3191 loci,
687 3126 737 3196 qui
760 3126 846 3197 vulgo
871 3120 994 3178 habetur
1019 3125 1075 3178 ob-

168 3213 270 3250 scurus
296 3193 423 3265 adeoque
452 3205 622 3268 corruptus,
654 3195 813 3266 explicandi
846 3194 989 3249 rationem
1016 3197 1075 3263 jam

168 3259 291 3320 Heathio
310 3262 463 3334 placuisse,
485 3283 570 3335 quem
591 3264 828 3335 cur²Interpretes
846 3281 906 3316 non
925 3264 1077 3331 audierint,

167 3352 274 3406 parum
291 3329 428 3402 intelligo.
463 3333 524 3394 An,
542 3331 620 3403 quod
638 3329 765 3400 ἀναφαραῖ
787 3333 835 3399 τῆς
852 3333 999 3403 ξυμφοραῖς,
1016 3335 1075 3388 mi-

167 3422 223 3455 nus
239 3400 354 3474 quidem
372 3409 456 3538 nepte,
475 3402 646 3455 calamitatis
665 3403 747 3470 liujus
770 3404 958 3456 remedium
982 3411 1078 3457 verte-

169 3476 233 3526 rat?
269 3476 303 3527 G.
317 3477 357 3526 ΙΙ.
371 3475 399 3523 S.

216 3574 278 3626 412.
299 3569 329 3626 σι’
347 3569 454 3624 omittit
467 3569 531 3623 Ald.
549 3579 577 3623 et
587 3569 645 3625 lere
662 3586 759 3622 omnes
771 3568 852 3624 MSS.
870 3571 994 3625 Versum
1007 3571 1075 3642 qui-

168 3640 230 3694 dem
249 3642 308 3694 sine
326 3659 359 3693 eo
376 3642 407 3694 in
424 3659 471 3693 sex
487 3639 572 3712 pedes
598 3639 766 3694 distribuere
791 3640 912 3711 poteris,
931 3641 978 3692 sed
997 3639 1075 3692 omni

168 3707 302 3778 rhythmo
320 3719 456 3766 carentes.
497 3709 603 3764 Similis
627 3718 688 3762 erat
710 3708 740 3761 in
758 3708 902 3780 plerisque
926 3706 1077 3780 Sophoclis

803 3826 826 3877 Χ

1054 3885 1073 3915 Χ
